1.56591E+12,1.56591E+12,b54ebf67-1647-7b19-7e50-f9dde6ae8029,BID,188.05,0.127625631,,16/08/2019 00:00:06
1.56591E+12,1.56591E+12,fba1b782-7970-78a4-4d68-f43ef4c4db6e,BID,188.05,0.132943366,,16/08/2019 00:00:06
1.56591E+12,1.56591E+12,e56056cb-a81b-ce04-1daf-324ba8ae38fa,BID,188.05,11.17787822,,16/08/2019 00:00:06
1.56591E+12,1.56591E+12,98b4624b-782f-5898-1ad7-9e262961be0c,BID,188.05,0.313746344,,16/08/2019 00:00:06
1.56591E+12,1.56591E+12,bd57a14b-4b35-5fda-8941-a02b73ffcf5f,BID,188,0.106382979,,16/08/2019 00:00:06
1.56591E+12,1.56591E+12,ef5783d4-d91a-c60f-f7d1-17508f2e55d2,BID,188,0.127659574,,16/08/2019 00:00:06
1.56591E+12,1.56591E+12,5be00a42-390b-c02c-6f55-0180c50fa729,BID,188,0.228723404,,16/08/2019 00:00:06
1.56591E+12,1.56591E+12,07e3b44d-84e0-5336-9a7f-e023ca3985d5,BID,188,0.85106383,,16/08/2019 00:00:06
1.56591E+12,1.56591E+12,2c6ec977-9f85-e3a9-f259-ada1536ccaff,BID,188,2.659574468,,16/08/2019 00:00:06
1.56591E+12,1.56591E+12,a4a40de5-0069-9fd2-38fd-6c54568e1cd7,BID,188,0.25,,16/08/2019 00:00:06
1.56591E+12,1.56591E+12,6c441b2a-d810-6bee-4b66-a311107e5972,BID,188,3.755319149,,16/08/2019 00:00:06
1.56591E+12,1.56591E+12,f54c4e92-972f-3b49-533e-bb8b023902a9,ASK,188.05,53.46982186,,16/08/2019 00:00:06
1.56591E+12,1.56591E+12,be6da4c0-084f-9aa2-a400-d5bdf5201608,ASK,188.05,3.206593991,,16/08/2019 00:00:06
1.56591E+12,1.56591E+12,2adbdc96-e92a-87a3-025b-7857690877bc,BID,188,0.026595745,,16/08/2019 00:00:06
1.56591E+12,1.56591E+12,692fd1ea-d8be-4b01-85c0-393cfabb1cc4,BID,188,0.026595745,,16/08/2019 00:00:06
1.56591E+12,1.56591E+12,47f0d88b-9488-b642-3e68-890be3acd3f0,BID,188,0.526595745,,16/08/2019 00:00:08
1.56591E+12,1.56591E+12,91350c7d-cc92-c591-76b6-57e03171e945,BID,188,0.053191489,,16/08/2019 00:00:08
1.56591E+12,1.56591E+12,bb67842f-d99f-2a2e-4d66-08aaf7315257,BID,188,0.015957447,,16/08/2019 00:00:08
1.56591E+12,1.56591E+12,035b4ebb-2668-5bf9-df08-fbdf4bdc9c9a,ASK,188,0.010638298,,16/08/2019 00:00:08
1.56591E+12,1.56591E+12,df5b55a8-31ec-1432-8b4e-29294fce110e,ASK,188,0.090425532,,16/08/2019 00:00:08
1.56591E+12,1.56591E+12,d447233d-d68f-392a-9a8a-de83a193df0d,ASK,188,53.27659574,,16/08/2019 00:00:09
1.56591E+12,1.56591E+12,614eda6a-dc2c-3d7b-4742-4b18822c486c,ASK,188,53.38297872,,16/08/2019 00:00:09
1.56591E+12,1.56591E+12,d4863cf7-7926-b064-d840-a7d7115e4b9c,ASK,188,13.99468085,,16/08/2019 00:00:09
1.56591E+12,1.56591E+12,1f1d69c4-86ad-3bf7-dfe5-fe0558ffa5e0,ASK,188,29.92021277,,16/08/2019 00:00:09
1.56591E+12,1.56591E+12,1f72b3c5-4a46-c849-7852-8e32cea8ddc5,ASK,188,2.739361702,,16/08/2019 00:00:09
1.56591E+12,1.56591E+12,13a2eead-36eb-c385-6371-18ef8ac14cdc,BID,187.95,0.10641128,,16/08/2019 00:00:12
1.56591E+12,1.56591E+12,44560ba2-68c2-c822-3148-711fb52af888,BID,187.95,0.010641128,,16/08/2019 00:00:12
1.56591E+12,1.56591E+12,64ea74bf-faa2-d713-808a-2f7fc37478a5,BID,187.95,0.266028199,,16/08/2019 00:00:12
1.56591E+12,1.56591E+12,faf4f6a5-310a-3dcf-99d8-a3ad9c88c25c,BID,187.95,2.277201383,,16/08/2019 00:00:12
1.56591E+12,1.56591E+12,39ed30dc-c0d3-aa99-27ed-ef225800b61a,ASK,188,19.90425532,,16/08/2019 00:00:14
1.56591E+12,1.56591E+12,c9095d33-073c-4f84-e0ae-60d17cf6022b,ASK,188,19.4787234,,16/08/2019 00:00:16
1.56591E+12,1.56591E+12,7d8541c3-3b2a-f1d4-1a79-fd54b9ffe4a3,ASK,188,10.99468085,,16/08/2019 00:00:17
1.56591E+12,1.56591E+12,12a175a8-dc87-7044-fdc8-f7706022ea6b,ASK,188,7.978723404,,16/08/2019 00:00:17
1.56591E+12,1.56591E+12,3435b322-b1e1-4b28-ecfb-56cabc7f0074,ASK,188,9.638297872,,16/08/2019 00:00:17
1.56591E+12,1.56591E+12,f1972306-6584-cb75-4b27-b983cded5359,ASK,188,9.319148936,,16/08/2019 00:00:17
1.56591E+12,1.56591E+12,da68599d-70a1-e4cb-cc2f-463917e4ba50,ASK,188,1.175531915,,16/08/2019 00:00:17
1.56591E+12,1.56591E+12,4421eef0-ef12-e7e6-d34d-a72c2309c0c2,ASK,188,6.803191489,,16/08/2019 00:00:17
1.56591E+12,1.56591E+12,5082f0f9-829b-4bf1-6a48-c0b4d6c7ddaa,ASK,188,2.904255319,,16/08/2019 00:00:17
1.56591E+12,1.56591E+12,fb850274-52ab-98ee-6c1a-c89dcef89fbd,ASK,188,0.606382979,,16/08/2019 00:00:17
1.56591E+12,1.56591E+12,d4b1c6a1-2c9b-03f8-97b6-7cc4ce83c3e2,ASK,188,2.574468085,,16/08/2019 00:00:17
1.56591E+12,1.56591E+12,fdb829a8-cf06-854a-7fed-69bf8ef31abc,ASK,188,1.893617021,,16/08/2019 00:00:17
1.56591E+12,1.56591E+12,9a31a332-05df-f7de-2f1d-df7ff1353d60,ASK,188,0.04787234,,16/08/2019 00:00:17
1.56591E+12,1.56591E+12,e10b2787-713f-d2a4-93bc-5f065c31f169,ASK,188,6.340425532,,16/08/2019 00:00:17
1.56591E+12,1.56591E+12,17b290f6-13f5-d66a-d9f8-dcbc1f5d8072,ASK,188,0.755319149,,16/08/2019 00:00:17
1.56591E+12,1.56591E+12,09d80961-6312-481d-460c-45b9edfed1dd,ASK,188,7.85106383,,16/08/2019 00:00:17
1.56591E+12,1.56591E+12,6e7b3bf3-64ec-5370-2659-404bcd809d1c,ASK,188,59.83510638,,16/08/2019 00:00:17
1.56591E+12,1.56591E+12,bd30876c-97ff-4ec1-9236-3666d33f31b9,ASK,188,26.98404255,,16/08/2019 00:00:17
1.56591E+12,1.56591E+12,25bfc137-77e0-d4c1-afe3-67df563e95fe,ASK,188,1.994680851,,16/08/2019 00:00:17
1.56591E+12,1.56591E+12,f3fff65e-2988-79aa-1c09-323126a6acad,ASK,188,12.22340426,,16/08/2019 00:00:17
1.56591E+12,1.56591E+12,a7a20f37-50b5-1e68-acb5-5db38cffe01b,ASK,188,0.425531915,,16/08/2019 00:00:17
1.56591E+12,1.56591E+12,88f035ae-ac95-fe90-d00f-73ba1cfaf57a,ASK,188,0.005319149,,16/08/2019 00:00:17
1.56591E+12,1.56591E+12,92348f7b-6b95-3c42-e001-4f300affc465,ASK,188,8.095744681,,16/08/2019 00:00:18
1.56591E+12,1.56591E+12,5656daa6-62aa-6c6e-5622-6b68ac6d2d42,ASK,188,107.9361702,,16/08/2019 00:00:18
1.56591E+12,1.56591E+12,4a206f7d-6b96-5b6e-4e4c-15bab055dd60,BID,187.95,0.015961692,,16/08/2019 00:00:18
1.56591E+12,1.56591E+12,53fbfc8e-f179-fa8f-5746-32feaee6b9b3,BID,187.95,0.015961692,,16/08/2019 00:00:18
1.56591E+12,1.56591E+12,1c18d9ba-5c69-ac0b-5f1b-f3f2a0a4405c,ASK,188,0.10106383,,16/08/2019 00:00:18
1.56591E+12,1.56591E+12,4757af4a-7fd3-2b77-a8e9-c43a962e9d9d,ASK,188,1.287234043,,16/08/2019 00:00:18
1.56591E+12,1.56591E+12,0dd38b16-db8e-ecc7-67c0-83cc6c718102,ASK,188,106.6489362,,16/08/2019 00:00:18
1.56591E+12,1.56591E+12,7d0f259e-5930-91b2-1176-ae2697981922,ASK,188,0.095744681,,16/08/2019 00:00:27
1.56591E+12,1.56591E+12,fd2357f1-d795-0a27-12a7-3e2bc74a74b2,BID,187.95,0.005320564,,16/08/2019 00:00:34
1.56591E+12,1.56591E+12,d7c83290-0dc4-da68-3909-c1f2a9ad4e5c,BID,187.95,0.037243948,,16/08/2019 00:00:43
1.56591E+12,1.56591E+12,587dee44-326b-b059-0d4e-12f0810ff9c9,BID,187.95,0.021282256,,16/08/2019 00:00:43
1.56591E+12,1.56591E+12,c0338d6e-42b0-c419-d62e-c10f4957b214,BID,187.95,0.047885076,,16/08/2019 00:00:43
1.56591E+12,1.56591E+12,570f6aaf-f9ce-11e8-06c8-ec21b85eb52c,ASK,188,0.39893617,,16/08/2019 00:01:00
1.56591E+12,1.56591E+12,9240349e-a948-3844-8cfc-36d4b447a190,BID,187.95,0.388401171,,16/08/2019 00:01:03
1.56591E+12,1.56591E+12,c4616624-c138-0cbf-2a9d-7430b6a8598b,BID,187.95,3.192338388,,16/08/2019 00:01:03
1.56591E+12,1.56591E+12,bdbcb6c5-50c0-4296-d62c-9930b2bb8453,BID,187.95,3.192338388,,16/08/2019 00:01:03
1.56591E+12,1.56591E+12,12493630-d8d5-dab5-91f7-9c510b3e919f,BID,187.95,0.095770152,,16/08/2019 00:01:04
1.56591E+12,1.56591E+12,b0f65494-3678-9184-a198-254354d9f5a4,BID,187.95,1.111997872,,16/08/2019 00:01:08
1.56591E+12,1.56591E+12,2b0c5d9e-21cb-32a1-a783-d796fa051d29,BID,187.95,6.076084065,,16/08/2019 00:01:08
1.56591E+12,1.56591E+12,c455e8fc-34a8-49b3-cedf-9b279272b6d3,BID,187.95,1.904761905,,16/08/2019 00:01:08
1.56591E+12,1.56591E+12,18f7fd4b-f7e6-32f2-0dfb-5fa17f419628,BID,187.95,3.266826284,,16/08/2019 00:01:08
1.56591E+12,1.56591E+12,adcb27b1-65fd-06d1-8005-647f99fdedf5,BID,187.95,1.09603618,,16/08/2019 00:01:11
1.56591E+12,1.56591E+12,ece9765f-88e3-2500-bf8a-07152ed4f48f,BID,187.95,3.617983506,,16/08/2019 00:01:11
1.56591E+12,1.56591E+12,7b08f056-b782-a4f9-84e5-4ed526f5d0e9,BID,187.95,0.095770152,,16/08/2019 00:01:11
1.56591E+12,1.56591E+12,e93ea35e-25a2-c004-d7da-2328b8590929,BID,187.95,0.532056398,,16/08/2019 00:01:11
1.56591E+12,1.56591E+12,9b9555fb-143b-02fd-5717-98736a251178,BID,187.95,0.675711625,,16/08/2019 00:01:11
1.56591E+12,1.56591E+12,89b32e10-169b-99c6-2fac-e18d48d35031,BID,187.95,5.719606278,,16/08/2019 00:01:11
1.56591E+12,1.56591E+12,522b80b2-7728-0d5c-163b-0676fd8563fc,BID,187.95,1.138600692,,16/08/2019 00:01:24
1.56591E+12,1.56591E+12,4a1d2e77-ed87-3d50-1b50-407cc58f8323,BID,187.95,7.869114126,,16/08/2019 00:01:24
1.56591E+12,1.56591E+12,00d57a09-bfbd-7d8b-30c0-9d8b1d6314e2,BID,187.95,2.128225592,,16/08/2019 00:01:33
1.56591E+12,1.56591E+12,1eb13b03-25a1-7d87-35aa-17e4d2dadcc9,BID,187.95,10.64112796,,16/08/2019 00:01:37
1.56591E+12,1.56591E+12,30663100-4a30-65ed-316f-882e9332b21b,BID,187.95,10.64112796,,16/08/2019 00:01:39
1.56591E+12,1.56591E+12,0d1945a4-1c9c-b67c-a177-50e330932982,BID,187.95,0.005320564,,16/08/2019 00:01:42
1.56591E+12,1.56591E+12,db3f0bf3-ddfe-ef28-9924-21c3d08ba0af,BID,187.95,0.399042298,,16/08/2019 00:01:42
1.56591E+12,1.56591E+12,0d9bb276-7628-1432-7613-290dfd631192,BID,187.95,3.038042032,,16/08/2019 00:01:42
1.56591E+12,1.56591E+12,68726580-f64b-d2cb-4c20-8f019df4a186,BID,187.95,0.287310455,,16/08/2019 00:01:42
1.56591E+12,1.56591E+12,ee67eac8-8fd1-eb53-3bb3-b90cfe5d3877,BID,187.95,0.02660282,,16/08/2019 00:01:42
1.56591E+12,1.56591E+12,9a04256d-f1a5-6dd7-93c2-46e9832d3b87,BID,187.95,6.88480979,,16/08/2019 00:01:42
1.56591E+12,1.56591E+12,9f86a96c-058f-ada3-8934-40af1808943d,BID,187.95,0.02660282,,16/08/2019 00:01:45
1.56591E+12,1.56591E+12,ee2590e4-99f0-cce1-3a10-9add35308903,BID,187.95,5.29396116,,16/08/2019 00:01:45
1.56591E+12,1.56591E+12,1172560c-a56b-16d5-e4e0-fbccd0bc26bb,BID,187.95,19.85102421,,16/08/2019 00:01:48
1.56591E+12,1.56591E+12,c41e3796-1c69-21f6-3389-45d8ceee240f,BID,187.95,12.07235967,,16/08/2019 00:01:48
1.56591E+12,1.56591E+12,1ac399f8-a416-596e-d620-bdde18cdc4e9,BID,187.95,5.32056398,,16/08/2019 00:01:49
1.56591E+12,1.56591E+12,2e10eab4-75be-13da-0187-d8879faa9cb2,BID,187.95,0.10641128,,16/08/2019 00:01:51
1.56591E+12,1.56591E+12,8d27b651-d20f-c806-7d68-207668d9f376,BID,187.95,0.021282256,,16/08/2019 00:02:07
1.56591E+12,1.56591E+12,327d4dbc-5607-aece-43f1-960ff3b81d39,BID,187.95,0.319233839,,16/08/2019 00:02:07
1.56591E+12,1.56591E+12,aa74fb7f-3c14-facd-cbda-bb63fee6e48b,BID,187.9,0.106439596,,16/08/2019 00:02:12
1.56591E+12,1.56591E+12,77dfc6d8-a19e-1f98-b0d5-ff4e9112672c,BID,187.9,0.532197978,,16/08/2019 00:02:12
1.56591E+12,1.56591E+12,01aecf52-69ab-f37f-9a76-6159345bf680,BID,187.9,0.085151676,,16/08/2019 00:02:12
1.56591E+12,1.56591E+12,d97e1c2a-0b25-4c35-47b8-edb35c0a453a,BID,187.9,5.321979776,,16/08/2019 00:02:17
1.56591E+12,1.56591E+12,a8eaf1bb-5e58-8db6-d391-d999355cfb90,BID,187.9,1.064395955,,16/08/2019 00:02:17
1.56591E+12,1.56591E+12,3793cebb-ba14-d8ff-8f7e-88d961ac1a49,BID,187.9,1.064395955,,16/08/2019 00:02:22
1.56591E+12,1.56591E+12,c00d0b99-48ea-0039-46ea-55b7389a0422,BID,187.9,1.389036722,,16/08/2019 00:02:23
1.56591E+12,1.56591E+12,6ff1c1e6-0efb-ee8f-af8a-c96aa475a22d,BID,187.9,17.6849388,,16/08/2019 00:02:23
1.56591E+12,1.56591E+12,57c1af13-7f55-859c-caa6-a70d9b72cae1,BID,187.9,0.00532198,,16/08/2019 00:02:23
1.56591E+12,1.56591E+12,3f608d43-2a6d-3384-8fb3-060fab5409d4,BID,187.9,0.361894625,,16/08/2019 00:02:23
1.56591E+12,1.56591E+12,01c3334d-0466-7a5d-cf2e-9622b55641c4,BID,187.8,0.106496273,,16/08/2019 00:02:24
1.56591E+12,1.56591E+12,6ba32b22-406b-58a2-e230-5e2915302233,BID,187.8,5.186368477,,16/08/2019 00:02:24
1.56591E+12,1.56591E+12,3bcdc522-5a7a-e25f-7e10-4f87fbbc7d25,BID,187.8,0.239616613,,16/08/2019 00:02:32
1.56591E+12,1.56591E+12,47552385-924a-af9a-0c51-e12c3bb08b4f,BID,187.8,0.010649627,,16/08/2019 00:02:32
1.56591E+12,1.56591E+12,b24a54e9-0734-5220-b440-41e58a7ee4a9,BID,187.8,2.662406816,,16/08/2019 00:02:32
1.56591E+12,1.56591E+12,e558d66f-5188-9c9e-bad7-120d906bdbd5,BID,187.8,0.569755059,,16/08/2019 00:02:32
1.56591E+12,1.56591E+12,403832ee-8b31-244b-e38c-22988b2655b0,BID,187.8,0.729499468,,16/08/2019 00:02:32
1.56591E+12,1.56591E+12,2234ae78-36a1-d6c2-3133-d98d9791e9ab,BID,187.8,1.352502662,,16/08/2019 00:02:32
1.56591E+12,1.56591E+12,7f3a6068-1f30-c9dc-c193-51d987ffc42e,BID,187.75,0.106524634,,16/08/2019 00:03:01
1.56591E+12,1.56591E+12,c4ecfbe8-6edb-54d9-67e7-e0e674b6782c,BID,187.75,0.69241012,,16/08/2019 00:03:01
1.56591E+12,1.56591E+12,bf2b683d-6527-9b0c-94f9-377e1181abbb,BID,187.75,0.798934754,,16/08/2019 00:03:02
1.56591E+12,1.56591E+12,1f20f8c6-eec4-6c7f-32a7-8973b62112bb,BID,187.75,0.798934754,,16/08/2019 00:03:02
1.56591E+12,1.56591E+12,ab3afb53-a826-71c0-9d14-b8adae69062d,BID,187.75,1.970705726,,16/08/2019 00:03:03
1.56591E+12,1.56591E+12,09a07539-d695-637a-d482-04036703aec1,BID,187.75,0.005326232,,16/08/2019 00:03:03
1.56591E+12,1.56591E+12,1f5e1152-9fe4-3aa6-8905-15fc9b6f6192,BID,187.75,0.362183755,,16/08/2019 00:03:03
1.56591E+12,1.56591E+12,f543fc27-3759-ef78-dafd-9520a0085571,BID,187.75,9.76298269,,16/08/2019 00:03:03
1.56591E+12,1.56591E+12,b9b73e5e-2e02-5cc7-d674-e5b97907627f,BID,187.75,3.877496671,,16/08/2019 00:03:03
1.56591E+12,1.56591E+12,949c976a-7aa0-a916-21ad-7297634c8a4a,BID,187.75,0.798934754,,16/08/2019 00:03:03
1.56591E+12,1.56591E+12,f9c045e5-4882-3be5-809b-87b6c8bbae4e,BID,187.75,0.798934754,,16/08/2019 00:03:04
1.56591E+12,1.56591E+12,1b2b00f3-73f0-b13a-c6a1-ad2beaf3115b,BID,187.75,2.83355526,,16/08/2019 00:03:04
1.56591E+12,1.56591E+12,0bd49083-c679-7e82-1d6c-e5af82d8893e,BID,187.75,0.798934754,,16/08/2019 00:03:05
1.56591E+12,1.56591E+12,16e21ca3-d5c0-babf-a8be-4c9f76b95382,BID,187.75,0.798934754,,16/08/2019 00:03:06
1.56591E+12,1.56591E+12,021b28cc-1e1a-b1c2-cb64-c3dd9c08ce12,BID,187.75,0.798934754,,16/08/2019 00:03:08
1.56591E+12,1.56591E+12,a0313487-d264-46f4-41fb-fadc006655cc,BID,187.75,0.798934754,,16/08/2019 00:03:09
1.56591E+12,1.56591E+12,18eafe49-28bb-81a8-cbac-a6d6d7b423c9,BID,187.75,1.336884154,,16/08/2019 00:03:10
1.56591E+12,1.56591E+12,a57c70a8-3b43-6687-ac46-da473730cb64,BID,187.75,1.501997337,,16/08/2019 00:03:10
1.56591E+12,1.56591E+12,237d35ea-77c0-8614-8ed1-144f3c85c8ba,BID,187.75,0.798934754,,16/08/2019 00:03:10
1.56591E+12,1.56591E+12,487b975c-1650-c571-bc2c-08aebf787521,BID,187.75,0.005326232,,16/08/2019 00:03:10
1.56591E+12,1.56591E+12,c55fec88-91e4-0c04-9d2d-29b6d76d19c9,BID,187.75,15.27563249,,16/08/2019 00:03:10
1.56591E+12,1.56591E+12,b72902f2-5b31-42d4-e559-96b71ec34224,BID,187.75,18.83355526,,16/08/2019 00:03:10
1.56591E+12,1.56591E+12,1046a266-977a-e64c-6eac-3b240b189437,BID,187.75,9.565912117,,16/08/2019 00:03:10
1.56591E+12,1.56591E+12,e318c389-9ee4-4f3e-35ac-1d4c5a8d0bab,BID,187.75,1.869507324,,16/08/2019 00:03:16
1.56591E+12,1.56591E+12,6cf77282-9200-3e01-955d-04acb8fc57ce,BID,187.75,15.49933422,,16/08/2019 00:03:16
1.56591E+12,1.56591E+12,3363b7f2-5937-74f1-0fbd-7ed1e33de254,BID,187.75,10.32756325,,16/08/2019 00:03:16
1.56591E+12,1.56591E+12,15575a31-8625-b13f-cb75-70cbbe5bdd94,BID,187.75,0.021304927,,16/08/2019 00:03:37
1.56591E+12,1.56591E+12,0818e416-ccea-cb09-592e-2d414d12fb10,BID,187.75,0.101198402,,16/08/2019 00:03:37
1.56591E+12,1.56591E+12,44dd57a0-cdf4-b122-d5ca-0c25cce37e05,BID,187.75,0.042609854,,16/08/2019 00:03:37
1.56591E+12,1.56591E+12,25a57b0f-88fe-5702-dbe7-6bee589c34fb,BID,187.75,0.404793609,,16/08/2019 00:03:37
1.56591E+12,1.56591E+12,a67545f9-4558-ca2d-e093-77f43e8ea34e,BID,187.75,0.623169108,,16/08/2019 00:03:38
1.56591E+12,1.56591E+12,fd8fc27a-2154-eea5-dc77-dd33dbb33ff3,BID,187.75,0.218375499,,16/08/2019 00:03:38
1.56591E+12,1.56591E+12,5b371852-d65f-0fb5-1486-76e19278883f,BID,187.75,3.312916112,,16/08/2019 00:03:38
1.56591E+12,1.56591E+12,73bef70d-0d17-26ce-5ff6-76f504feaf81,BID,187.75,1.171770972,,16/08/2019 00:03:38
1.56591E+12,1.56591E+12,0bb9c53f-cfe0-263e-820d-8f015f02b636,BID,187.75,1.778961385,,16/08/2019 00:03:38
1.56591E+12,1.56591E+12,c0b104b5-1e4f-47db-321e-3b465b31e579,BID,187.75,2.769640479,,16/08/2019 00:03:41
1.56591E+12,1.56591E+12,bb568bf6-fe49-c593-32ab-e0f6f23f3b95,BID,187.75,6.002663116,,16/08/2019 00:03:41
1.56591E+12,1.56591E+12,a55676f0-2043-9454-ccd1-59782f6a379c,BID,187.75,6.423435419,,16/08/2019 00:03:41
1.56591E+12,1.56591E+12,4f427246-da6f-e15c-56a2-06d0985ddae6,BID,187.75,0.223701731,,16/08/2019 00:03:41
1.56591E+12,1.56591E+12,16fcc2c4-94e4-cb55-7c2b-41cf88bd0ec2,BID,187.75,0.404793609,,16/08/2019 00:03:41
1.56591E+12,1.56591E+12,7176a7ec-5e1d-f66d-e801-65ff911074ce,BID,187.75,3.882822903,,16/08/2019 00:03:41
1.56591E+12,1.56591E+12,d6d3a57d-6cbb-23cd-ee53-3b1ada81eb65,BID,187.75,5.288948069,,16/08/2019 00:03:41
1.56591E+12,1.56591E+12,2d472f0c-baaf-c5a8-acd9-ac0f033ec08c,BID,187.75,0.010652463,,16/08/2019 00:03:41
1.56591E+12,1.56591E+12,b96e97c3-d840-5478-e971-c9089f6052ee,BID,187.75,0.229027963,,16/08/2019 00:03:41
1.56591E+12,1.56591E+12,f9ca96e4-599e-f5a7-8f09-6f342e424650,BID,187.75,0.351531292,,16/08/2019 00:03:41
1.56591E+12,1.56591E+12,00454a6a-2da2-a265-030f-670b7baf94d6,BID,187.75,9.086551265,,16/08/2019 00:03:41
1.56591E+12,1.56591E+12,8f7c2249-e236-fd97-d614-06d0f3153208,BID,187.75,17.1770972,,16/08/2019 00:03:41
1.56591E+12,1.56591E+12,09c16d41-36ea-064a-e429-5ee194af4f79,BID,187.75,1.848202397,,16/08/2019 00:03:41
1.56591E+12,1.56591E+12,c16188b0-8982-362c-a95b-bbe5aafea382,BID,187.75,0.042609854,,16/08/2019 00:03:41
1.56591E+12,1.56591E+12,4c2a72c6-b245-73ce-3e7f-1ccd84caf154,BID,187.75,0.298268975,,16/08/2019 00:03:41
1.56591E+12,1.56591E+12,32848dda-3f33-bf23-ff61-a094c367ca09,BID,187.75,1.411451398,,16/08/2019 00:03:41
1.56591E+12,1.56591E+12,dad9b1f7-9fcc-1e2d-85a7-07edc3ef5241,BID,187.75,0.527296937,,16/08/2019 00:03:41
1.56591E+12,1.56591E+12,f26c5770-7a79-8828-0c70-275f1d6ddc0d,BID,187.75,1.720372836,,16/08/2019 00:03:41
1.56591E+12,1.56591E+12,64c836bf-5300-12da-fa02-3efd374a7139,ASK,187.8,0.532481363,,16/08/2019 00:03:41
1.56591E+12,1.56591E+12,013c34ae-b21a-bbd3-1b14-f769c5b1bfdd,ASK,187.8,26.62406816,,16/08/2019 00:03:41
1.56591E+12,1.56591E+12,e52c089a-ccdd-c8ff-1424-ebbf2bfbac77,ASK,187.8,266.2406816,,16/08/2019 00:03:41
1.56591E+12,1.56591E+12,5849cf41-7c40-69b1-e522-30f94697c398,ASK,187.8,75.90521832,,16/08/2019 00:03:41
1.56591E+12,1.56591E+12,6943a1d7-b2eb-0137-2366-0c99acbdf3a4,ASK,187.8,190.3354633,,16/08/2019 00:03:43
1.56591E+12,1.56591E+12,cd6900ae-2852-0cbb-8fb9-13da402d4e8b,ASK,187.8,7.987220447,,16/08/2019 00:03:43
1.56591E+12,1.56591E+12,f7d6027e-9dc3-671d-1a4a-5446da790a29,ASK,187.8,26.62406816,,16/08/2019 00:03:43
1.56591E+12,1.56591E+12,7ac4c69c-97e3-5cc4-269f-2ba2625e6722,ASK,187.8,4.574014909,,16/08/2019 00:03:43
1.56591E+12,1.56591E+12,5676ba67-cc98-b23e-40a8-8511f73deb22,ASK,187.8,7.987220447,,16/08/2019 00:03:43
1.56591E+12,1.56591E+12,6615458c-e5a4-ff6b-702b-b70a4a60fb91,ASK,187.8,7.987220447,,16/08/2019 00:03:43
1.56591E+12,1.56591E+12,0e5ffe15-d2a2-8737-bb67-c7c228b9f1f2,ASK,187.8,5.324813632,,16/08/2019 00:03:43
1.56591E+12,1.56591E+12,fde8b8a2-ea2f-83c6-1e35-857789da8845,ASK,187.8,15.97444089,,16/08/2019 00:03:43
1.56591E+12,1.56591E+12,66cf3448-e5ef-8d04-86ce-9056c36fa183,ASK,187.8,10.64962726,,16/08/2019 00:03:43
1.56591E+12,1.56591E+12,a977ddbd-82b9-e579-7da5-073a0318a201,ASK,187.8,0.021299255,,16/08/2019 00:03:43
1.56591E+12,1.56591E+12,64802eec-d87d-c9bf-c386-ab3e80915350,ASK,187.8,0.069222577,,16/08/2019 00:03:43
1.56591E+12,1.56591E+12,039d65c5-e60a-bcf3-0077-7527fe327b88,ASK,187.8,0.085197018,,16/08/2019 00:03:43
1.56591E+12,1.56591E+12,0f84b540-b16c-3aa7-9581-4a5b6a5aaf6f,ASK,187.8,2.598509052,,16/08/2019 00:03:43
1.56591E+12,1.56591E+12,b7604672-055c-b67d-203a-1c30460366c2,ASK,187.8,0.942492013,,16/08/2019 00:03:43
1.56591E+12,1.56591E+12,d739f936-16de-ca09-c27a-ddc29fa52a42,ASK,187.8,0.085197018,,16/08/2019 00:03:43
1.56591E+12,1.56591E+12,675d2631-ad87-e9ad-b7cd-4a80737874a0,ASK,187.8,43.87113951,,16/08/2019 00:03:43
1.56591E+12,1.56591E+12,704ef257-1544-c58c-1b1a-69be239d7978,ASK,187.8,79.87220447,,16/08/2019 00:03:43
1.56591E+12,1.56591E+12,1bb40ae5-98d5-0fd5-f780-5a54da111ab1,ASK,187.8,54.78700745,,16/08/2019 00:03:43
1.56591E+12,1.56591E+12,8c533f73-a768-be18-2275-f1465e03ceb6,ASK,187.8,2.949946752,,16/08/2019 00:03:43
1.56591E+12,1.56591E+12,492f5b48-20c2-7dfb-fc76-159f114c7a9d,BID,187.75,0.735019973,,16/08/2019 00:03:44
1.56591E+12,1.56591E+12,fe8bc790-4448-74aa-b353-3f7bc92dfe5c,BID,187.75,33.35286285,,16/08/2019 00:03:44
1.56591E+12,1.56591E+12,a29d9b3a-aab2-6b65-6b7c-f2e98254774d,BID,187.75,6.023968043,,16/08/2019 00:03:44
1.56591E+12,1.56591E+12,cc16c739-f6fe-52ce-22f7-39e0a6ccc37b,BID,187.75,1.033288948,,16/08/2019 00:03:44
1.56591E+12,1.56591E+12,c09b77f1-3564-9f3f-57f9-6d10b5d09930,BID,187.75,2.450066578,,16/08/2019 00:03:44
1.56591E+12,1.56591E+12,0bfb0508-c2ae-7735-93ed-55e2ef9f05c3,BID,187.75,0.964047936,,16/08/2019 00:03:44
1.56591E+12,1.56591E+12,f095b94c-eda6-e4f5-3e21-cb453985f85a,BID,187.75,0.505992011,,16/08/2019 00:03:44
1.56591E+12,1.56591E+12,f14017f7-e755-bf7b-0614-b9bc78fdafbd,BID,187.75,4.532623169,,16/08/2019 00:03:44
1.56591E+12,1.56591E+12,ff0a3ca7-4e6f-9cc2-651f-52f0228c691f,BID,187.75,109.1238349,,16/08/2019 00:03:44
1.56591E+12,1.56591E+12,65d4d98d-4c3f-a098-16ca-a4e9423c5c6a,BID,187.75,79.44074567,,16/08/2019 00:03:45
1.56591E+12,1.56591E+12,211888e3-dda0-c70e-b0b9-f97f2e537795,BID,187.75,7.989347537,,16/08/2019 00:03:45
1.56591E+12,1.56591E+12,25706116-766f-5635-ad37-e64cadd26c08,BID,187.75,26.63115846,,16/08/2019 00:03:45
1.56591E+12,1.56591E+12,5a33ad5f-fde1-b592-2adb-353231377fba,BID,187.75,0.079893475,,16/08/2019 00:03:45
1.56591E+12,1.56591E+12,82e1690a-c813-45be-701c-2ce06f88601d,BID,187.75,0.03195739,,16/08/2019 00:03:45
1.56591E+12,1.56591E+12,7f04d58a-2947-efd1-0c74-57d94b9f1b8b,BID,187.75,26.63115846,,16/08/2019 00:03:45
1.56591E+12,1.56591E+12,4f69adb8-70ae-6d5d-ec3f-e209a9b16662,BID,187.75,34.05592543,,16/08/2019 00:03:45
1.56591E+12,1.56591E+12,1a6597ae-93b9-091a-b44b-2e2038138e21,BID,187.75,7.989347537,,16/08/2019 00:04:46
1.56591E+12,1.56591E+12,4b6665b5-b77e-5a49-48bf-3d1c4d99660e,BID,187.75,0.117177097,,16/08/2019 00:04:46
1.56591E+12,1.56591E+12,992ac457-eb4f-8347-2347-3d36e3e25cb7,BID,187.75,0.133155792,,16/08/2019 00:04:46
1.56591E+12,1.56591E+12,790c5413-213a-e394-bd33-02cc07e9ce20,BID,187.75,0.138482024,,16/08/2019 00:04:46
1.56591E+12,1.56591E+12,65ca93c7-901d-cc9d-97d4-40e94ec14304,BID,187.75,7.989347537,,16/08/2019 00:04:46
1.56591E+12,1.56591E+12,c3f60ff3-07a4-8e23-f66f-5afeed6df806,BID,187.75,6.380825566,,16/08/2019 00:04:46
1.56591E+12,1.56591E+12,d04633eb-311f-d92b-c338-ae9081171a50,BID,187.75,26.63115846,,16/08/2019 00:04:46
1.56591E+12,1.56591E+12,e7ad47cc-a488-4ee6-03bb-39c977684b1a,BID,187.75,0.932090546,,16/08/2019 00:04:46
1.56591E+12,1.56591E+12,bdefc67b-ebd9-f08d-489d-427d5a1223d0,BID,187.75,2.663115846,,16/08/2019 00:04:47
1.56591E+12,1.56591E+12,253560f5-83c8-fcd4-8889-c6a592615bd6,BID,187.75,0.074567244,,16/08/2019 00:05:10
1.56591E+12,1.56591E+12,067d9a9d-c7d7-43b7-86fa-62332329939a,BID,187.75,2.758988016,,16/08/2019 00:05:26
1.56591E+12,1.56591E+12,51bb8563-d2b8-310a-1261-3df66374c454,BID,187.75,0.101198402,,16/08/2019 00:05:40
1.56591E+12,1.56591E+12,d3a1381e-e586-e30d-02f2-2773ac51d432,BID,187.75,0.021304927,,16/08/2019 00:05:40
1.56591E+12,1.56591E+12,1a4a9faf-3453-648b-9a4c-15cffa223e0e,BID,187.75,0.042609854,,16/08/2019 00:05:40
1.56591E+12,1.56591E+12,b9ee3c8f-444b-8089-d15e-4cb6fcdbbcd2,BID,187.75,0.404793609,,16/08/2019 00:05:40
1.56591E+12,1.56591E+12,78179507-ac52-e165-32e4-905d54128899,ASK,187.8,10.96911608,,16/08/2019 00:06:00
1.56591E+12,1.56591E+12,edf08fad-181d-42f6-ace9-f982bd150b53,ASK,187.8,1.139510117,,16/08/2019 00:06:00
1.56591E+12,1.56591E+12,3eb96589-58dd-4559-606e-cebacbfad9b0,ASK,187.8,0.085197018,,16/08/2019 00:06:00
1.56591E+12,1.56591E+12,c0ff6102-e1b0-8ced-8e12-c32ff5d0fbcc,ASK,187.8,0.2342918,,16/08/2019 00:06:00
1.56591E+12,1.56591E+12,a84fe45d-e40d-2536-21c5-243a20a44f37,ASK,187.8,0.085197018,,16/08/2019 00:06:00
1.56591E+12,1.56591E+12,24403340-5410-1e24-de23-85d4dcedec0e,ASK,187.8,0.154419595,,16/08/2019 00:06:00
1.56591E+12,1.56591E+12,9986ae56-2427-c975-3838-569040ecb7d5,ASK,187.8,1.592119276,,16/08/2019 00:06:00
1.56591E+12,1.56591E+12,70637ae9-e3f3-98db-3f64-0c15acd0ccdd,ASK,187.8,12.36421725,,16/08/2019 00:06:00
1.56591E+12,1.56591E+12,1644b7f2-e35f-dc80-a31b-2623464f4713,BID,187.75,0.623169108,,16/08/2019 00:06:01
1.56591E+12,1.56591E+12,ec57f054-b61a-2be5-0635-8c5e363db208,BID,187.75,0.213049268,,16/08/2019 00:06:09
1.56591E+12,1.56591E+12,c8382fc0-f79e-83b2-c846-245429fa7727,BID,187.75,1.949400799,,16/08/2019 00:06:09
1.56591E+12,1.56591E+12,755f7722-8eef-3787-97ca-0079fbda46ed,BID,187.75,2.151797603,,16/08/2019 00:06:10
1.56591E+12,1.56591E+12,18c5e1a4-d26b-29b9-c253-d35e3d56fefc,BID,187.75,1.699067909,,16/08/2019 00:06:12
1.56591E+12,1.56591E+12,97f3579a-546e-5f8e-27b5-072c7d642f4f,BID,187.75,2.183754993,,16/08/2019 00:06:13
1.56591E+12,1.56591E+12,f7ae3d1e-094b-2efb-de18-ecf6fc8d7c94,BID,187.75,1.432756325,,16/08/2019 00:06:14
1.56591E+12,1.56591E+12,7b2b14a9-7545-96c7-81be-e69b63e1ecc1,BID,187.75,0.884154461,,16/08/2019 00:06:14
1.56591E+12,1.56591E+12,9bd08523-0da4-1bc2-5b0b-1ce17f9bfa81,BID,187.75,2.029294274,,16/08/2019 00:06:14
1.56591E+12,1.56591E+12,9d229143-d5c1-8aba-11da-b7488c00492c,BID,187.75,0.005326232,,16/08/2019 00:06:17
1.56591E+12,1.56591E+12,a5aff662-b601-e10f-1e7d-1c4bd84d7197,BID,187.75,0.090545939,,16/08/2019 00:06:17
1.56591E+12,1.56591E+12,dd85b7d7-7158-7cbf-14ae-8bc38af607d0,BID,187.75,0.170439414,,16/08/2019 00:06:17
1.56591E+12,1.56591E+12,24ff5395-87ad-ca21-436a-16d099b615cc,BID,187.75,2.098535286,,16/08/2019 00:06:18
1.56591E+12,1.56591E+12,c7214827-e516-56ad-d7ce-6e8e7973e5ac,BID,187.75,0.617842876,,16/08/2019 00:06:18
1.56591E+12,1.56591E+12,5a655cb2-eb6b-726e-4617-5fd18487448e,BID,187.75,0.367509987,,16/08/2019 00:06:19
1.56591E+12,1.56591E+12,764789fd-71ca-2e54-f03c-e3f59ae297b9,BID,187.75,4.03195739,,16/08/2019 00:06:21
1.56591E+12,1.56591E+12,dcfca399-fc6a-8c1c-339c-17cc52df89b5,BID,187.75,0.026631158,,16/08/2019 00:06:21
1.56591E+12,1.56591E+12,866051f8-360b-a0cf-635f-b3b404e48a42,BID,187.75,0.09587217,,16/08/2019 00:06:21
1.56591E+12,1.56591E+12,72738950-407e-ba3d-b513-b81e3dc94a3c,BID,187.75,0.953395473,,16/08/2019 00:06:21
1.56591E+12,1.56591E+12,7996ae6b-1553-602c-e4dd-1e7011c656f5,BID,187.75,0.612516644,,16/08/2019 00:06:21
1.56591E+12,1.56591E+12,41c8843f-b690-89d7-e033-059bbf9da2de,BID,187.7,0.10655301,,16/08/2019 00:06:21
1.56591E+12,1.56591E+12,ef93e4c7-03c0-1aba-91fb-6c650c7847c2,BID,187.7,0.047948855,,16/08/2019 00:06:21
1.56591E+12,1.56591E+12,d81055d8-7974-74f8-7080-9ca1fde22395,BID,187.7,0.031965903,,16/08/2019 00:06:21
1.56591E+12,1.56591E+12,56408536-38dd-ae80-2b83-1fc632fc4dfb,BID,187.7,0.005327651,,16/08/2019 00:06:21
1.56591E+12,1.56591E+12,a69f57d2-248d-71c3-191f-003094b4401e,BID,187.7,2.818327118,,16/08/2019 00:06:21
1.56591E+12,1.56591E+12,caee5483-b80c-842e-168b-399e5e7e9e0f,BID,187.65,0.085265121,,16/08/2019 00:06:21
1.56591E+12,1.56591E+12,93570fa1-a5b2-f687-9d09-c07e21207249,BID,187.65,0.532907008,,16/08/2019 00:06:21
1.56591E+12,1.56591E+12,f4124287-13ad-80c3-244d-cc7bc922f4f4,BID,187.65,0.532907008,,16/08/2019 00:06:21
1.56591E+12,1.56591E+12,00eae9fd-8d29-bebe-55ca-29abf9836aaf,BID,187.65,43.40527578,,16/08/2019 00:06:21
1.56591E+12,1.56591E+12,ffc5002b-75b4-b9f4-f198-2288e0e2fe7f,BID,187.65,0.927258193,,16/08/2019 00:06:21
1.56591E+12,1.56591E+12,bf20e5df-a578-37a6-8eda-db9a82419611,BID,187.75,0.229027963,,16/08/2019 00:06:21
1.56591E+12,1.56591E+12,2a88237c-994a-a0b9-364b-a6685d59ccb4,BID,187.75,0.260985353,,16/08/2019 00:06:23
1.56591E+12,1.56591E+12,7a3998e7-ab95-22f8-3997-9668eb007fd1,BID,187.65,3.389288569,,16/08/2019 00:06:24
1.56591E+12,1.56591E+12,f9b41698-10a4-3337-b4d6-b6a94f7dc91a,BID,187.65,1.790567546,,16/08/2019 00:06:24
1.56591E+12,1.56591E+12,a8fd2d6c-ea56-91bd-cb6a-7e8d4ff99d53,BID,187.6,0.106609808,,16/08/2019 00:06:24
1.56591E+12,1.56591E+12,04a036eb-b95d-5008-c30b-7fedae18c7dd,BID,187.6,40.02132196,,16/08/2019 00:06:24
1.56591E+12,1.56591E+12,17ac9796-cf30-f0d0-f409-6207a8e10f9d,BID,187.65,0.735411671,,16/08/2019 00:06:25
1.56591E+12,1.56591E+12,3b7751df-6aa2-d180-dfdd-b2e34b7caccc,BID,187.65,0.154543032,,16/08/2019 00:06:25
1.56591E+12,1.56591E+12,6096fd32-2360-3aad-3dc6-8dc977bb8c5c,BID,187.55,0.10663823,,16/08/2019 00:06:25
1.56591E+12,1.56591E+12,a2551e27-1d42-831f-95ae-ccb2b85e7227,BID,187.55,0.309250866,,16/08/2019 00:06:25
1.56591E+12,1.56591E+12,86a64833-b0e3-1eb9-bc74-3bea49219faa,BID,187.55,0.005331911,,16/08/2019 00:06:27
1.56591E+12,1.56591E+12,3eb91710-7dfb-9cee-f0f7-0fa71260c07b,BID,187.55,2.122100773,,16/08/2019 00:06:28
1.56591E+12,1.56591E+12,b935fd1f-337a-94b4-b130-bf62e0be3456,BID,187.55,24.53745668,,16/08/2019 00:06:28
1.56591E+12,1.56591E+12,81f46ea4-58f1-7961-a7be-626779802ebe,ASK,187.6,0.138592751,,16/08/2019 00:06:29
1.56591E+12,1.56591E+12,455ce6eb-22be-d044-f7cf-62be68bb035d,BID,187.55,0.415889096,,16/08/2019 00:06:33
1.56591E+12,1.56591E+12,5a567bc5-f5c8-853e-47e2-f3e36157ef51,BID,187.5,0.533333333,,16/08/2019 00:06:34
1.56591E+12,1.56591E+12,524c1e2e-245f-efe1-36a8-0a35016f8de0,BID,187.5,10.13333333,,16/08/2019 00:06:34
1.56591E+12,1.56591E+12,8324c087-6d59-6b2c-17ca-77b4bf89dd0d,BID,187.5,0.266666667,,16/08/2019 00:06:34
1.56591E+12,1.56591E+12,317d7265-25ab-94c3-f2bb-edb0a116884f,BID,187.5,0.677333333,,16/08/2019 00:06:34
1.56591E+12,1.56591E+12,ef4b9682-e71a-631c-0ba7-459ed33c50ca,BID,187.5,0.533333333,,16/08/2019 00:06:34
1.56591E+12,1.56591E+12,d1e11754-04c8-8fdf-45d7-16517f5a2220,BID,187.5,0.005333333,,16/08/2019 00:06:34
1.56591E+12,1.56591E+12,e278a54a-65a6-b3e4-c3be-86a7a31cf896,BID,187.45,0.106695119,,16/08/2019 00:06:35
1.56591E+12,1.56591E+12,55b938ca-6d30-21c6-f722-9b457d84572c,BID,187.45,0.048012803,,16/08/2019 00:06:35
1.56591E+12,1.56591E+12,afb98f6c-51f2-fe56-4f12-6bcb3e95f5cf,BID,187.45,0.192051214,,16/08/2019 00:06:37
1.56591E+12,1.56591E+12,679c3c8e-2d33-eb8b-0577-9fe39e9d241b,BID,187.45,0.010669512,,16/08/2019 00:06:37
1.56591E+12,1.56591E+12,10962be2-4a70-f202-577c-d7d407c4d83d,BID,187.45,0.016004268,,16/08/2019 00:06:37
1.56591E+12,1.56591E+12,564ea855-b734-cbc4-b498-9417bafeb75a,BID,187.45,0.730861563,,16/08/2019 00:06:37
1.56591E+12,1.56591E+12,10a05c32-f6aa-e89a-d6dc-9025d4b572bf,BID,187.45,3.761002934,,16/08/2019 00:06:37
1.56591E+12,1.56591E+12,e706f2ba-2184-4039-3552-b5e4da5288be,BID,187.45,0.576153641,,16/08/2019 00:06:37
1.56591E+12,1.56591E+12,b496cb26-0167-be84-b49f-d0678a3c31df,BID,187.4,0.048025614,,16/08/2019 00:06:37
1.56591E+12,1.56591E+12,9ccf3560-cd8b-6c95-15f7-913ff51ac3f6,BID,187.45,0.005334756,,16/08/2019 00:06:38
1.56591E+12,1.56591E+12,6daed609-7757-f9f3-180f-ad26865f95b6,BID,187.4,0.800426894,,16/08/2019 00:06:38
1.56591E+12,1.56591E+12,0582eec8-cc19-9cb0-76fb-54a1f5df14cf,BID,187.4,0.138740662,,16/08/2019 00:06:38
1.56591E+12,1.56591E+12,a03f358a-83df-8df4-69bc-cbeb33d43670,BID,187.4,25.34685165,,16/08/2019 00:06:38
1.56591E+12,1.56591E+12,af7529eb-f8da-1dc3-d25d-8cdbc4f97c3a,BID,187.4,0.389541089,,16/08/2019 00:06:38
1.56591E+12,1.56591E+12,f88c39fb-bae9-d2a1-d70c-d90c620d4ab0,ASK,187.45,5.73486263,,16/08/2019 00:06:38
1.56591E+12,1.56591E+12,27fe99f5-dc19-322f-8e82-0d067aa7f5e5,ASK,187.45,7.799413177,,16/08/2019 00:06:38
1.56591E+12,1.56591E+12,dc36f1bf-c863-c9d5-91ed-b72bb7fea856,ASK,187.45,18.8743665,,16/08/2019 00:06:38
1.56591E+12,1.56591E+12,6fe49123-a502-5b57-4e30-63181a6de2e1,ASK,187.45,15.86556415,,16/08/2019 00:06:38
1.56591E+12,1.56591E+12,644173d3-37e5-96e9-25bd-cda58478d9d4,ASK,187.45,5.857562017,,16/08/2019 00:06:38
1.56591E+12,1.56591E+12,0e2f4992-0d99-cc98-fc6e-31bec9c04ae8,ASK,187.45,5.414777274,,16/08/2019 00:06:42
1.56591E+12,1.56591E+12,4431f2a0-b333-878b-7827-2985b33386fc,ASK,187.45,4.88130168,,16/08/2019 00:06:43
1.56591E+12,1.56591E+12,4087474e-84cd-d738-6576-576c02d6bf7f,ASK,187.45,0.005334756,,16/08/2019 00:06:43
1.56591E+12,1.56591E+12,358ab7fc-99b2-0003-c5cb-8fc99dbc581d,BID,187.4,0.005336179,,16/08/2019 00:06:44
1.56591E+12,1.56591E+12,0717cbfa-fe4f-d01d-b379-c9c7e80f4212,BID,187.4,1.328708645,,16/08/2019 00:06:44
1.56591E+12,1.56591E+12,1898835c-c920-7db8-965e-742fe19ba61e,BID,187.4,0.68303095,,16/08/2019 00:06:45
1.56591E+12,1.56591E+12,512ebb8e-2ab4-7104-d8d5-ddb2fb1426af,ASK,187.45,0.160042678,,16/08/2019 00:06:45
1.56591E+12,1.56591E+12,c04a23a2-cb1c-6480-f895-7a4468b577fe,ASK,187.45,0.19738597,,16/08/2019 00:06:45
1.56591E+12,1.56591E+12,3dc9250f-02b7-048f-e5f3-2ff1d307f3ac,ASK,187.45,0.192051214,,16/08/2019 00:06:45
1.56591E+12,1.56591E+12,043e6cb8-7479-5c80-48bd-c4cddbf7cced,BID,187.4,1.003201708,,16/08/2019 00:06:52
1.56591E+12,1.56591E+12,37089b76-a1cf-21f7-91ea-702f562c5800,BID,187.4,1.771611526,,16/08/2019 00:06:54
1.56591E+12,1.56591E+12,01765fe9-926b-239c-09aa-003e5bb614c6,BID,187.4,0.949839915,,16/08/2019 00:07:04
1.56591E+12,1.56591E+12,230d2da1-06df-31db-7b59-04d2b1d549df,BID,187.4,0.368196371,,16/08/2019 00:07:04
1.56591E+12,1.56591E+12,e345691b-a123-06cc-823b-ec1d692ee378,BID,187.4,14.6905016,,16/08/2019 00:07:04
1.56591E+12,1.56591E+12,29a38b2d-e456-ce1e-10ac-2f9cdd3ca790,BID,187.4,2.764140875,,16/08/2019 00:07:09
1.56591E+12,1.56591E+12,ffa14b7f-567d-63f5-5edb-699dcc637d2a,ASK,187.45,0.832221926,,16/08/2019 00:07:09
1.56591E+12,1.56591E+12,436b3a5c-1515-80a4-0672-86acaa4bc17f,ASK,187.45,0.016004268,,16/08/2019 00:07:09
1.56591E+12,1.56591E+12,080b86f3-0ab3-096d-27b2-10525c8712e6,BID,187.4,1.163287086,,16/08/2019 00:07:11
1.56591E+12,1.56591E+12,46d7fb74-0988-c77e-f033-9c315d008060,BID,187.4,2.764140875,,16/08/2019 00:07:12
1.56591E+12,1.56591E+12,762a4e69-c1a2-7845-f9ad-9f3983a06739,BID,187.4,0.560298826,,16/08/2019 00:07:12
1.56591E+12,1.56591E+12,d733be32-5f01-ac11-ed75-2c1c70a80458,BID,187.4,2.764140875,,16/08/2019 00:07:13
1.56591E+12,1.56591E+12,8bf82f47-80d2-e2f3-430c-d94fc1609459,BID,187.4,1.408751334,,16/08/2019 00:07:13
1.56591E+12,1.56591E+12,af5f1b3e-0fc5-1332-f7c8-d45c4f8d336f,BID,187.4,0.565635005,,16/08/2019 00:07:13
1.56591E+12,1.56591E+12,e2f94880-6f09-425c-5291-6f3f37d892a8,BID,187.4,2.19850587,,16/08/2019 00:07:13
1.56591E+12,1.56591E+12,65fbe3d3-2866-5fab-8c21-7d31cfdff1fc,BID,187.4,0.357524013,,16/08/2019 00:07:14
1.56591E+12,1.56591E+12,c316e57e-9273-f2e7-e00f-d689be559d6b,BID,187.4,2.764140875,,16/08/2019 00:07:14
1.56591E+12,1.56591E+12,7dfd4dcc-6183-d845-efd9-d798c59895c7,BID,187.4,0.880469584,,16/08/2019 00:07:14
1.56591E+12,1.56591E+12,f0684006-c06b-53d3-d248-9160384baea2,BID,187.4,2.764140875,,16/08/2019 00:07:14
1.56591E+12,1.56591E+12,7c41f0c4-527d-7402-9ca7-acb02b2bee37,BID,187.4,2.764140875,,16/08/2019 00:07:14
1.56591E+12,1.56591E+12,dfbf24ec-6435-dc5a-f33b-71899a3c9a22,BID,187.4,2.764140875,,16/08/2019 00:07:15
1.56591E+12,1.56591E+12,b754f040-8f9e-98ee-f4bd-f980cc3fb87c,BID,187.4,2.764140875,,16/08/2019 00:07:15
1.56591E+12,1.56591E+12,5a183b36-1748-5985-e0d7-18e0ccc910b5,BID,187.4,2.764140875,,16/08/2019 00:07:15
1.56591E+12,1.56591E+12,fd164ec1-fb88-b4b5-c076-df339fc1f71c,BID,187.4,2.764140875,,16/08/2019 00:07:15
1.56591E+12,1.56591E+12,87b9f85e-a4ea-1300-345e-5eedb2e8983b,BID,187.4,0.362860192,,16/08/2019 00:07:18
1.56591E+12,1.56591E+12,577020b0-b2f8-3995-7a82-bba76e66e04f,BID,187.4,2.764140875,,16/08/2019 00:07:19
1.56591E+12,1.56591E+12,2e944dd9-6cf7-88a1-7202-5c3b9533db73,BID,187.4,2.764140875,,16/08/2019 00:07:19
1.56591E+12,1.56591E+12,74fc3463-76c8-4d20-362e-8bc7ef6b3b1a,BID,187.4,2.764140875,,16/08/2019 00:07:19
1.56591E+12,1.56591E+12,a256874a-f697-d48e-abd8-fefe2ca1bfc6,BID,187.4,1.81963714,,16/08/2019 00:07:20
1.56591E+12,1.56591E+12,a6e47d3d-8e15-7494-2dcf-4346fb1139d5,BID,187.4,2.764140875,,16/08/2019 00:07:20
1.56591E+12,1.56591E+12,c71075ab-8ec7-cf54-fb34-9f993f670ea2,BID,187.4,2.075773746,,16/08/2019 00:07:23
1.56591E+12,1.56591E+12,ded29f42-aecb-35f1-4a74-51e411cb49bd,BID,187.4,2.764140875,,16/08/2019 00:07:23
1.56591E+12,1.56591E+12,f94b0b5a-eaf5-558f-fde9-a8cc9a90c2c1,BID,187.4,0.010672359,,16/08/2019 00:07:29
1.56591E+12,1.56591E+12,648c040c-f75e-f19a-bf5d-a023c59f07f4,BID,187.4,1.125933831,,16/08/2019 00:07:29
1.56591E+12,1.56591E+12,026a2026-ddb5-0a0a-2d60-9cd3038ea590,BID,187.4,2.764140875,,16/08/2019 00:07:33
1.56591E+12,1.56591E+12,3e5f6bd7-f1e5-12f5-78db-e61da7a4952d,BID,187.4,2.764140875,,16/08/2019 00:07:39
1.56591E+12,1.56591E+12,c9706a5b-4d3b-127a-0ab5-f364695f875c,BID,187.4,10.67235859,,16/08/2019 00:07:40
1.56591E+12,1.56591E+12,9a56489a-a263-d3cf-6986-92442dd21eb5,BID,187.4,2.267876201,,16/08/2019 00:07:40
1.56591E+12,1.56591E+12,fa20fc4f-dae3-87f4-2ed9-7d68f4b035b5,BID,187.4,17.53468517,,16/08/2019 00:07:40
1.56591E+12,1.56591E+12,e63fae5d-7a0c-96b2-ad53-5ed47d774b5f,BID,187.4,26.82497332,,16/08/2019 00:07:40
1.56591E+12,1.56591E+12,0b9c8fbd-41e6-6865-2be5-9682ad9eba28,BID,187.4,28.67662753,,16/08/2019 00:07:40
1.56591E+12,1.56591E+12,0123f49d-e561-0d20-2d3f-6fcef3269b2d,BID,187.4,23.59658485,,16/08/2019 00:07:40
1.56591E+12,1.56591E+12,4aaf0659-d20d-30fd-c5ed-e70a5b2f92f7,BID,187.4,7.822838847,,16/08/2019 00:07:40
1.56591E+12,1.56591E+12,aba18341-ba6c-7be3-8702-67a20dd2910c,BID,187.4,0.60832444,,16/08/2019 00:07:41
1.56591E+12,1.56591E+12,3a379185-9d2f-737d-3bde-836f83a17fb3,BID,187.4,2.694770544,,16/08/2019 00:07:48
1.56591E+12,1.56591E+12,3363c7c5-e834-0154-bf13-fa733874ed60,BID,187.4,2.764140875,,16/08/2019 00:07:49
1.56591E+12,1.56591E+12,d59c7a40-5e63-f484-73ec-73ec3a712af6,BID,187.4,3.516542156,,16/08/2019 00:07:50
1.56591E+12,1.56591E+12,117f9b1c-697a-7076-b619-13a47fee9a3e,BID,187.4,12.49199573,,16/08/2019 00:07:50
1.56591E+12,1.56591E+12,e6935025-7254-d0d5-3fb8-5cc7e1e458fd,BID,187.4,2.363927428,,16/08/2019 00:07:52
1.56591E+12,1.56591E+12,ea3e8dd9-fde3-be19-577e-a7e9ce8304d4,BID,187.4,26.68089648,,16/08/2019 00:07:52
1.56591E+12,1.56591E+12,13a771b9-238c-f216-d38a-def16d3aff20,BID,187.4,0.250800427,,16/08/2019 00:07:52
1.56591E+12,1.56591E+12,31360781-5c65-7cee-a2e3-a4d9768acb0a,BID,187.4,27.74813234,,16/08/2019 00:07:52
1.56591E+12,1.56591E+12,65c70918-9713-c8f1-f49f-96b8a1b9e99d,BID,187.4,3.201707577,,16/08/2019 00:07:52
1.56591E+12,1.56591E+12,3e34b13c-5c7a-adcd-1973-31ce6bef1e96,BID,187.4,8.004268943,,16/08/2019 00:07:52
1.56591E+12,1.56591E+12,0c339ee6-827d-7ccb-a5d2-f3b708147495,BID,187.4,8.004268943,,16/08/2019 00:07:52
1.56591E+12,1.56591E+12,5bac58f4-f0c3-660c-560a-acffb1f48aa4,BID,187.4,8.004268943,,16/08/2019 00:07:52
1.56591E+12,1.56591E+12,26e0d3ac-14b3-5cef-d0ab-394e2fc267ac,BID,187.4,77.27854856,,16/08/2019 00:07:52
1.56591E+12,1.56591E+12,e0b75fd2-55eb-371a-10fb-3b27a215fd55,BID,187.4,16.00853789,,16/08/2019 00:07:52
1.56591E+12,1.56591E+12,9553e6aa-81e2-d7a8-4425-9690767bc40c,BID,187.4,26.68089648,,16/08/2019 00:07:52
1.56591E+12,1.56591E+12,1ce3f4cd-a8c2-47c0-e002-4c41775ba3f4,BID,187.4,0.282817503,,16/08/2019 00:07:52
1.56591E+12,1.56591E+12,fa1fb02b-3f73-3075-7846-552927f5f805,BID,187.4,0.346851654,,16/08/2019 00:07:52
1.56591E+12,1.56591E+12,8a59090a-75fa-0f31-275b-d094fa6afc24,BID,187.4,0.474919957,,16/08/2019 00:07:52
1.56591E+12,1.56591E+12,29e34e3f-3150-dbeb-b4b3-88104676d4cc,BID,187.4,0.176093917,,16/08/2019 00:07:52
1.56591E+12,1.56591E+12,3b4b474c-ecc4-aaac-6926-c19ce6ec8f3c,BID,187.4,0.005336179,,16/08/2019 00:07:52
1.56591E+12,1.56591E+12,6cf6149f-d0ca-5da1-ae84-e1d814424fdf,BID,187.4,8.004268943,,16/08/2019 00:07:52
1.56591E+12,1.56591E+12,b142be81-764f-e694-312b-86bb23fbf49d,BID,187.35,0.106752068,,16/08/2019 00:07:52
1.56591E+12,1.56591E+12,cc18dc72-bacc-5635-efdc-1181ea9c0f9e,BID,187.35,0.213504137,,16/08/2019 00:07:52
1.56591E+12,1.56591E+12,ce41f58c-790f-a6f9-e3fd-99142f6d950f,BID,187.35,0.149452896,,16/08/2019 00:07:52
1.56591E+12,1.56591E+12,6b3ebc3f-6de1-e6ec-3451-49ae2ad69311,BID,187.35,0.272217774,,16/08/2019 00:07:52
1.56591E+12,1.56591E+12,6d7f9c47-e2da-e628-9f55-bb4ece77c591,BID,187.35,0.18681612,,16/08/2019 00:07:52
1.56591E+12,1.56591E+12,e4db36c6-2730-60fe-95f2-2fc5c999c5df,BID,187.35,0.074726448,,16/08/2019 00:07:52
1.56591E+12,1.56591E+12,70470807-3d1d-83e0-afe4-b2c9b758a758,BID,187.35,0.229516947,,16/08/2019 00:07:52
1.56591E+12,1.56591E+12,ff0146be-0e72-b89c-ec78-cd3213717d7e,BID,187.35,0.208166533,,16/08/2019 00:07:52
1.56591E+12,1.56591E+12,26a9ed4d-ee5e-8f8d-d5ec-9caba25ad672,BID,187.35,0.005337603,,16/08/2019 00:07:52
1.56591E+12,1.56591E+12,acdf94da-a406-7b27-af28-c0dc839205a1,BID,187.35,0.005337603,,16/08/2019 00:07:52
1.56591E+12,1.56591E+12,1ca69357-fdb8-20f6-af2a-86247f63cde5,BID,187.35,0.128102482,,16/08/2019 00:07:52
1.56591E+12,1.56591E+12,69ddafa5-2302-68e6-c079-1e5e968c47fc,BID,187.35,0.106752068,,16/08/2019 00:07:52
1.56591E+12,1.56591E+12,5014369e-9d5f-75d2-a4d4-3c7b826554c2,BID,187.35,64.24339472,,16/08/2019 00:07:52
1.56591E+12,1.56591E+12,077ff839-11b8-57b4-334e-62087e94edf5,BID,187.35,0.005337603,,16/08/2019 00:07:52
1.56591E+12,1.56591E+12,daf0ef32-e808-c1de-a77a-e409a2002ccc,BID,187.35,15.59647718,,16/08/2019 00:07:52
1.56591E+12,1.56591E+12,50a0a083-2cf9-cc6f-c711-ece4a03cdce3,BID,187.35,15.59647718,,16/08/2019 00:07:52
1.56591E+12,1.56591E+12,e2b65eb6-4603-172d-1b5c-4fd5562bd606,BID,187.35,20.74726448,,16/08/2019 00:07:52
1.56591E+12,1.56591E+12,2c281aa6-a7a1-85c4-3839-3fc8e65db200,BID,187.35,0.213504137,,16/08/2019 00:07:52
1.56591E+12,1.56591E+12,974bf8d9-fa02-1ce7-e35e-7005c1b94fbd,BID,187.35,0.288230584,,16/08/2019 00:07:52
1.56591E+12,1.56591E+12,5fec7818-b40a-02f4-2cd1-9f42b068dc4c,BID,187.35,5.337603416,,16/08/2019 00:07:52
1.56591E+12,1.56591E+12,7310d16b-b1b2-14f4-d441-059954bbbc1c,BID,187.3,0.106780566,,16/08/2019 00:07:52
1.56591E+12,1.56591E+12,54946edf-b385-5394-ade2-1404c848e03f,BID,187.3,0.416444207,,16/08/2019 00:07:52
1.56591E+12,1.56591E+12,c2ac2d35-9d1c-7d43-830e-441ccc62f6fd,BID,187.3,0.128136679,,16/08/2019 00:07:52
1.56591E+12,1.56591E+12,bcabd799-e22d-7198-cb51-216d0a1e87a8,BID,187.3,0.090763481,,16/08/2019 00:07:52
1.56591E+12,1.56591E+12,9735ee4c-7011-afcc-b821-2c8f4ade82ec,BID,187.3,3.545114789,,16/08/2019 00:07:52
1.56591E+12,1.56591E+12,62bc1572-ade7-0720-cde7-3a53b1bddbd4,BID,187.3,0.133475707,,16/08/2019 00:07:52
1.56591E+12,1.56591E+12,faecc5ac-399e-df24-e648-edf055d70136,BID,187.3,3.545114789,,16/08/2019 00:07:52
1.56591E+12,1.56591E+12,959c513e-b4e7-b03d-41cb-5770f3897b26,BID,187.3,2.156967432,,16/08/2019 00:07:52
1.56591E+12,1.56591E+12,c3c5d237-d344-d71a-416a-ac11370db00e,BID,187.3,0.277629471,,16/08/2019 00:07:52
1.56591E+12,1.56591E+12,5f482810-519b-b128-30c3-b649a8499ab2,BID,187.3,0.085424453,,16/08/2019 00:07:52
1.56591E+12,1.56591E+12,1c2abe0a-fbe4-aeac-003c-6db9e4fe1dbf,BID,187.3,0.058729311,,16/08/2019 00:07:52
1.56591E+12,1.56591E+12,ba0f7e1b-220c-7d92-f21a-c774f59a4128,BID,187.3,0.539241858,,16/08/2019 00:07:52
1.56591E+12,1.56591E+12,f6718954-6f0b-e6d2-fd0b-051034f005d9,BID,187.3,0.058729311,,16/08/2019 00:07:52
1.56591E+12,1.56591E+12,8a4b16dc-1999-711f-8fc2-80f1bc103c1f,BID,187.3,0.074746396,,16/08/2019 00:07:52
1.56591E+12,1.56591E+12,30d8d717-98b3-cec8-e0ea-f04953d7b6c4,BID,187.3,0.53390283,,16/08/2019 00:07:52
1.56591E+12,1.56591E+12,723c5b38-c44a-4abc-da05-24faa984fa42,BID,187.3,0.010678057,,16/08/2019 00:07:52
1.56591E+12,1.56591E+12,6baca5a5-df47-75e6-0b9f-6db32dc9b569,BID,187.3,0.133475707,,16/08/2019 00:07:52
1.56591E+12,1.56591E+12,be577490-a196-35bb-6930-39ea2f00fb8a,BID,187.3,0.560597971,,16/08/2019 00:07:52
1.56591E+12,1.56591E+12,fcf513b5-ccc6-3143-4f2b-3e854a5955ac,BID,187.3,0.101441538,,16/08/2019 00:07:52
1.56591E+12,1.56591E+12,052f06ca-1628-ac9d-ca97-82dd22b64353,BID,187.3,0.06406834,,16/08/2019 00:07:52
1.56591E+12,1.56591E+12,50606f53-062b-7fd7-5430-2702111e8f4b,BID,187.3,0.101441538,,16/08/2019 00:07:52
1.56591E+12,1.56591E+12,9618de6e-22bb-ad83-60cd-7f9065a15efe,BID,187.3,0.016017085,,16/08/2019 00:07:52
1.56591E+12,1.56591E+12,f8451086-d4d9-0d8c-771d-f50c04fb7e6f,BID,187.3,0.106780566,,16/08/2019 00:07:52
1.56591E+12,1.56591E+12,5791fda1-217a-a9ff-3b58-b147fbd5d187,BID,187.3,2.669514148,,16/08/2019 00:07:52
1.56591E+12,1.56591E+12,ab982a6d-35b2-d7b2-7e58-c387524cddc3,BID,187.3,0.512546716,,16/08/2019 00:07:52
1.56591E+12,1.56591E+12,ee5d3af2-5683-4668-aca8-5aadd2e1bcf4,BID,187.3,0.53390283,,16/08/2019 00:07:52
1.56591E+12,1.56591E+12,f32be582-f66b-fb09-f20c-ca9147557b71,BID,187.3,0.72076882,,16/08/2019 00:07:52
1.56591E+12,1.56591E+12,be13b00d-cc36-34dd-2ced-0c02cc34b413,BID,187.3,0.507207688,,16/08/2019 00:07:52
1.56591E+12,1.56591E+12,e488fc55-c02d-790f-99f1-22996062acf7,BID,187.3,0.160170849,,16/08/2019 00:07:52
1.56591E+12,1.56591E+12,5b40edab-7519-eb5f-3d04-5fe80e0812f5,BID,187.3,0.277629471,,16/08/2019 00:07:52
1.56591E+12,1.56591E+12,8a597627-56b9-a519-7787-f06a1712e7ea,BID,187.3,0.106780566,,16/08/2019 00:07:52
1.56591E+12,1.56591E+12,65161185-88a2-7ba8-a600-839584c4c561,BID,187.3,31.2066204,,16/08/2019 00:07:52
1.56591E+12,1.56591E+12,6d81243e-0976-ebf3-5c7c-705e2b258845,BID,187.3,31.2066204,,16/08/2019 00:07:52
1.56591E+12,1.56591E+12,98810e3a-b519-f7d6-28aa-0e3c8f2301fb,BID,187.3,20.80085424,,16/08/2019 00:07:52
1.56591E+12,1.56591E+12,6c6549a5-8443-8868-1b4d-05bdfb8c0492,BID,187.3,20.80085424,,16/08/2019 00:07:52
1.56591E+12,1.56591E+12,9dc5448e-c8d5-42ec-c6b4-525797dce875,BID,187.3,31.2066204,,16/08/2019 00:07:52
1.56591E+12,1.56591E+12,d66a6a0d-7623-fd62-3876-56f13d4b1c94,BID,187.3,31.2066204,,16/08/2019 00:07:52
1.56591E+12,1.56591E+12,88519f07-2abf-c4e3-844f-b0afc125ab8f,BID,187.3,11.76187934,,16/08/2019 00:07:52
1.56591E+12,1.56591E+12,0cee99ff-6ad7-7249-818e-f1cf7a094703,BID,187.3,4.271222637,,16/08/2019 00:07:52
1.56591E+12,1.56591E+12,4a5da5b5-0888-5fdc-1fcc-6e390c696eea,BID,187.3,0.389749066,,16/08/2019 00:07:54
1.56591E+12,1.56591E+12,d0538327-da2d-f968-2507-6b3428661aeb,BID,187.3,0.966364122,,16/08/2019 00:07:54
1.56591E+12,1.56591E+12,48e012cd-a4da-4b79-d968-7163dd55c59d,BID,187.3,2.72824346,,16/08/2019 00:07:58
1.56591E+12,1.56591E+12,a16db826-2964-52d1-eca0-791042edb547,BID,187.3,0.870261612,,16/08/2019 00:08:00
1.56591E+12,1.56591E+12,76cf63e7-5e3f-52d7-5bba-28f3d72fdeb4,ASK,187.35,5.764611689,,16/08/2019 00:08:03
1.56591E+12,1.56591E+12,5ff03898-d324-ff54-f575-75a2ade4efa1,ASK,187.35,0.122764879,,16/08/2019 00:08:03
1.56591E+12,1.56591E+12,75e4ab36-5ea1-7cf7-1f60-b26002b09d54,ASK,187.35,0.266880171,,16/08/2019 00:08:03
1.56591E+12,1.56591E+12,499de898-d748-b170-63b8-da1ef1c4fc86,BID,187.3,5.339028297,,16/08/2019 00:08:03
1.56591E+12,1.56591E+12,4f31b5b1-4219-ea0d-2bfe-39b95f363a10,BID,187.3,0.421783235,,16/08/2019 00:08:05
1.56591E+12,1.56591E+12,7f3d46b0-9f00-ddb5-94bc-144b6b66cb71,BID,187.3,0.005339028,,16/08/2019 00:08:05
1.56591E+12,1.56591E+12,3b779d06-9180-9646-0ff4-4157ff817a81,BID,187.3,0.298985585,,16/08/2019 00:08:05
1.56591E+12,1.56591E+12,b89c42ec-346d-1b50-4b83-59906ea7b171,BID,187.3,0.192205019,,16/08/2019 00:08:05
1.56591E+12,1.56591E+12,6f8a0683-acca-985d-c583-412d3a437554,BID,187.3,1.361452216,,16/08/2019 00:08:05
1.56591E+12,1.56591E+12,89d901ba-6d87-d30f-cf5b-7896e26f2540,BID,187.3,0.005339028,,16/08/2019 00:08:06
1.56591E+12,1.56591E+12,d7db0e74-ea9b-ed9d-81f1-ac5722e9a20e,BID,187.3,0.074746396,,16/08/2019 00:08:06
1.56591E+12,1.56591E+12,c91ed070-c7a2-9392-a450-ee0df5374de9,BID,187.3,2.765616658,,16/08/2019 00:08:09
1.56591E+12,1.56591E+12,8b84ff1c-c9a6-1581-3739-f8d1ff1888e7,BID,187.3,2.765616658,,16/08/2019 00:08:09
1.56591E+12,1.56591E+12,73255bc4-1626-a92e-29f5-15a245ddef64,BID,187.3,0.005339028,,16/08/2019 00:08:09
1.56591E+12,1.56591E+12,e5467531-5602-ed51-5952-1b0674124adf,BID,187.25,0.106809079,,16/08/2019 00:08:09
1.56591E+12,1.56591E+12,de92cb38-719e-38f9-a691-01d86413feb4,BID,187.25,0.50200267,,16/08/2019 00:08:09
1.56591E+12,1.56591E+12,418f0796-a38f-f8de-489c-5948f3ad483a,BID,187.25,2.152202937,,16/08/2019 00:08:09
1.56591E+12,1.56591E+12,7154a8c2-f562-5562-c101-ab927e6d9b8f,BID,187.25,0.010680908,,16/08/2019 00:08:11
1.56591E+12,1.56591E+12,dbab4f69-82b4-69f2-d323-78b88415f6b1,BID,187.25,0.304405874,,16/08/2019 00:08:11
1.56591E+12,1.56591E+12,17dbf5c5-18c7-e065-ac03-8b386f647b9a,BID,187.25,0.550066756,,16/08/2019 00:08:11
1.56591E+12,1.56591E+12,b2bd58ac-350f-3c87-aa72-d4984d553d3b,BID,187.25,0.646194927,,16/08/2019 00:08:11
1.56591E+12,1.56591E+12,8ed53bf2-cda7-9dab-b7b8-093c46f18010,BID,187.25,0.090787717,,16/08/2019 00:08:11
1.56591E+12,1.56591E+12,9bbc5ee6-b494-dc65-0de4-2f09e7fabd6d,BID,187.25,0.048064085,,16/08/2019 00:08:11
1.56591E+12,1.56591E+12,d2d0b357-89f2-52e6-2a7a-1ac9bdeb969d,BID,187.25,0.069425901,,16/08/2019 00:08:11
1.56591E+12,1.56591E+12,9d7af773-cf7f-34d9-5dac-be972a6e7497,BID,187.25,0.080106809,,16/08/2019 00:08:11
1.56591E+12,1.56591E+12,77182db4-724d-e48b-5866-2706c520e9c4,BID,187.25,0.069425901,,16/08/2019 00:08:11
1.56591E+12,1.56591E+12,ac3709d7-c076-c4b1-4aab-b1a2bde3e0ae,BID,187.25,0.170894526,,16/08/2019 00:08:11
1.56591E+12,1.56591E+12,1b08a615-fd28-bca3-4aff-52f4610efeb1,BID,187.25,0.101468625,,16/08/2019 00:08:11
1.56591E+12,1.56591E+12,6e4a006b-535a-6847-6100-04061fbdecdf,BID,187.25,0.090787717,,16/08/2019 00:08:11
1.56591E+12,1.56591E+12,ca93309b-119f-0025-e783-8b84e08de2a1,BID,187.25,0.074766355,,16/08/2019 00:08:11
1.56591E+12,1.56591E+12,3aba76d0-1735-b73b-5614-a7e375ed2e71,BID,187.25,0.090787717,,16/08/2019 00:08:11
1.56591E+12,1.56591E+12,253849cc-c8ea-c919-eb1d-ae16ecdbea3b,BID,187.25,0.117489987,,16/08/2019 00:08:11
1.56591E+12,1.56591E+12,f749c53f-97e3-9919-807d-bab38276ba65,BID,187.25,5.340453939,,16/08/2019 00:08:11
1.56591E+12,1.56591E+12,18b7acbe-0ce8-ee2d-09fe-2d228b185e6e,BID,187.25,8.165554072,,16/08/2019 00:08:11
1.56591E+12,1.56591E+12,f0d17f91-ce74-fb73-090e-0614e5f8e3d7,BID,187.25,0.347129506,,16/08/2019 00:08:17
1.56591E+12,1.56591E+12,961bc18a-9de3-52d7-a316-e7be74e335b6,BID,187.25,0.672897196,,16/08/2019 00:08:21
1.56591E+12,1.56591E+12,1bd7178e-57b8-8e4f-44a0-65d1e1df4ddf,BID,187.25,6.744993324,,16/08/2019 00:08:25
1.56591E+12,1.56591E+12,5387e6ce-431f-c566-1b3c-836b0633b402,BID,187.25,0.090787717,,16/08/2019 00:08:25
1.56591E+12,1.56591E+12,62a67a98-a3d8-902b-a272-1334205a5e24,BID,187.25,0.576769025,,16/08/2019 00:08:25
1.56591E+12,1.56591E+12,7c09eee7-81f7-2115-eaa0-5ebd1a897997,BID,187.25,0.005340454,,16/08/2019 00:08:25
1.56591E+12,1.56591E+12,5220739b-48ab-9dc7-603f-15870b3d37a8,BID,187.2,1.602564103,,16/08/2019 00:08:25
1.56591E+12,1.56591E+12,d826c23a-4444-7698-ebf7-8b092fce0470,BID,187.2,0.133547009,,16/08/2019 00:08:25
1.56591E+12,1.56591E+12,c78c0637-d1a0-a630-fa8d-20734be69153,BID,187.2,0.181623932,,16/08/2019 00:08:25
1.56591E+12,1.56591E+12,6ea06a17-a075-9e69-10ae-033f4ee5cfc3,BID,187.2,0.176282051,,16/08/2019 00:08:25
1.56591E+12,1.56591E+12,f8623b93-7ee7-69cb-8ee6-1ed1f41f0c18,BID,187.2,0.587606838,,16/08/2019 00:08:26
1.56591E+12,1.56591E+12,93f3e312-b658-ac7c-c6bf-33ed3d2a3e40,BID,187.2,0.416666667,,16/08/2019 00:08:26
1.56591E+12,1.56591E+12,bc153cbf-5a3e-d953-181e-e1dfa0089592,BID,187.2,0.042735043,,16/08/2019 00:08:26
1.56591E+12,1.56591E+12,447a676d-9ecf-ef21-f436-be98461d1299,BID,187.2,0.192307692,,16/08/2019 00:08:26
1.56591E+12,1.56591E+12,f8588b3e-8aa5-5c2d-8f8f-047e27243a09,BID,187.2,2.5,,16/08/2019 00:08:26
1.56591E+12,1.56591E+12,457cc861-3fe2-f120-d10f-024a7455678d,BID,187.2,2.841880342,,16/08/2019 00:08:27
1.56591E+12,1.56591E+12,9870fe18-f8d6-f26f-6c1c-5b18cba4796c,BID,187.2,0.074786325,,16/08/2019 00:08:27
1.56591E+12,1.56591E+12,3e095e9b-a304-bed6-7a07-924b66b30598,BID,187.2,0.010683761,,16/08/2019 00:08:27
1.56591E+12,1.56591E+12,edf5ae54-55d9-1ff1-1b6c-7b8521667777,BID,187.2,0.058760684,,16/08/2019 00:08:27
1.56591E+12,1.56591E+12,010e1b3b-5dc2-77b1-e82e-26dbe24db1a6,BID,187.2,0.080128205,,16/08/2019 00:08:27
1.56591E+12,1.56591E+12,822f386a-047a-006f-4c46-ebc243e10061,BID,187.2,0.138888889,,16/08/2019 00:08:27
1.56591E+12,1.56591E+12,3ecaf436-3e65-cc00-ecce-ac328e4dff88,BID,187.2,0.090811966,,16/08/2019 00:08:27
1.56591E+12,1.56591E+12,35492cbd-dd73-53a4-2bb7-c180421fdbbb,BID,187.2,0.106837607,,16/08/2019 00:08:27
1.56591E+12,1.56591E+12,ef027485-464d-8c66-ae4a-b41a99ffad6d,BID,187.2,0.534188034,,16/08/2019 00:08:27
1.56591E+12,1.56591E+12,52ca055b-d3eb-eb62-819b-bbf5151f7f31,BID,187.2,0.16025641,,16/08/2019 00:08:27
1.56591E+12,1.56591E+12,c2900cbf-8e60-d386-2228-506825f1de14,BID,187.15,0.176329148,,16/08/2019 00:08:31
1.56591E+12,1.56591E+12,9584e6a9-cb6e-1b1b-da45-eaad8e8e4404,BID,187.15,0.144269303,,16/08/2019 00:08:31
1.56591E+12,1.56591E+12,8f73ff61-d75d-ffa3-ed3c-deead6f19091,BID,187.15,0.181672455,,16/08/2019 00:08:31
1.56591E+12,1.56591E+12,9b278d38-dc04-f2d3-a1b7-282ea569f7e5,BID,187.15,0.165642533,,16/08/2019 00:08:31
1.56591E+12,1.56591E+12,ff53585c-b416-d1e1-5267-d062dcbbb206,BID,187.15,0.165642533,,16/08/2019 00:08:31
1.56591E+12,1.56591E+12,20f9c016-98cd-8758-ec13-344c38fa44b3,BID,187.15,0.331285065,,16/08/2019 00:08:31
1.56591E+12,1.56591E+12,f886e0f1-3942-ff99-e26c-0822d0e427cc,BID,187.15,0.10686615,,16/08/2019 00:08:31
1.56591E+12,1.56591E+12,e77e31bf-0811-426e-5ba5-ecc41d93fec2,BID,187.15,0.208388993,,16/08/2019 00:08:31
1.56591E+12,1.56591E+12,7a144349-88ea-7a2a-1f80-5e351ac484db,BID,187.15,0.133582688,,16/08/2019 00:08:31
1.56591E+12,1.56591E+12,50873e67-dc5e-42b4-eaf1-4f492daf16e7,BID,187.15,0.309911835,,16/08/2019 00:08:31
1.56591E+12,1.56591E+12,814e6051-6dfe-bbe2-9f65-9a5c9181101b,BID,187.15,0.272508683,,16/08/2019 00:08:31
1.56591E+12,1.56591E+12,393fcd4d-667b-5948-3d85-64e8f472d3b9,BID,187.15,0.534330751,,16/08/2019 00:08:31
1.56591E+12,1.56591E+12,d8c8a26a-12f3-4545-c918-747593f7a793,BID,187.15,0.037403153,,16/08/2019 00:08:31
1.56591E+12,1.56591E+12,54c4f6ef-8197-aef6-3cd4-ba945ce4712b,BID,187.15,0.12823938,,16/08/2019 00:08:33
1.56591E+12,1.56591E+12,0abf3fb5-d8ad-58df-f897-55813f7dda59,BID,187.15,0.016029923,,16/08/2019 00:08:33
1.56591E+12,1.56591E+12,6d875fc3-7642-a6c4-122e-4b76e163b123,BID,187.15,0.539674058,,16/08/2019 00:08:33
1.56591E+12,1.56591E+12,f7c85476-9e72-96dc-923c-451c1bf9bce4,BID,187.1,0.026723677,,16/08/2019 00:08:33
1.56591E+12,1.56591E+12,e8343f4e-be37-810e-e86d-0dafcfd78324,BID,187.1,0.112239444,,16/08/2019 00:08:33
1.56591E+12,1.56591E+12,df287a0c-f6fa-a3d2-19bc-e41bbde25627,BID,187.1,0.144307857,,16/08/2019 00:08:33
1.56591E+12,1.56591E+12,b9bc0292-16ce-0219-b59e-2fb42a4f6265,BID,187.1,0.12827365,,16/08/2019 00:08:33
1.56591E+12,1.56591E+12,b764d61a-ee98-f79a-09fa-728ed0c22ce4,BID,187.1,0.165686799,,16/08/2019 00:08:33
1.56591E+12,1.56591E+12,ac0566a6-4203-8c20-2f12-4a779589b69f,BID,187.1,0.133618386,,16/08/2019 00:08:33
1.56591E+12,1.56591E+12,8ec1f024-2976-8880-f957-9e4c44b44f95,BID,187.1,0.165686799,,16/08/2019 00:08:33
1.56591E+12,1.56591E+12,69059fd8-5398-709d-6c4d-220d96e3c2db,BID,187.1,0.106894709,,16/08/2019 00:08:33
1.56591E+12,1.56591E+12,2338fa49-725b-8173-0bcf-a4198dce6c05,BID,187.1,0.24585783,,16/08/2019 00:08:33
1.56591E+12,1.56591E+12,ed52c307-cbf0-0ae2-36d8-7a5a02978c3b,BID,187.1,0.507749866,,16/08/2019 00:08:33
1.56591E+12,1.56591E+12,02f8765f-1936-fda8-ee01-9ed53cbd21dd,BID,187.1,0.053447354,,16/08/2019 00:08:33
1.56591E+12,1.56591E+12,478b09bb-2924-6e43-11a9-a0f13e85a940,BID,187.1,0.080171032,,16/08/2019 00:08:33
1.56591E+12,1.56591E+12,cfc59e1d-488f-482a-d4ac-3de89a21dea8,BID,187.1,0.293960449,,16/08/2019 00:08:33
1.56591E+12,1.56591E+12,1ef778ed-f1a6-0849-2f55-3dfa8aa6371c,BID,187.1,0.577231427,,16/08/2019 00:08:33
1.56591E+12,1.56591E+12,85deb80f-4d15-6302-2ef3-79b33998f9ad,BID,187.1,0.309994655,,16/08/2019 00:08:33
1.56591E+12,1.56591E+12,9a6a5ed0-ef95-b1b8-f751-23c65e508a5c,BID,187.1,0.390165687,,16/08/2019 00:08:33
1.56591E+12,1.56591E+12,e3e75f04-029f-2b6f-507c-1acbace45f2c,BID,187.1,0.12827365,,16/08/2019 00:08:33
1.56591E+12,1.56591E+12,e49f8915-0e8e-39fe-4a64-866124ba5eef,BID,187.1,0.010689471,,16/08/2019 00:08:33
1.56591E+12,1.56591E+12,cb1e9144-9054-8036-75d5-2e81c9c99cfa,BID,187.1,0.534473544,,16/08/2019 00:08:33
1.56591E+12,1.56591E+12,703fdad2-6caa-c8a8-2cdb-f9308eb45785,BID,187.1,0.005344735,,16/08/2019 00:08:33
1.56591E+12,1.56591E+12,927c4fbc-370b-9ef7-67ad-07da445d8de8,BID,187.1,0.005344735,,16/08/2019 00:08:33
1.56591E+12,1.56591E+12,e0ecd22c-9d5f-5105-1f10-82d7f39d5187,BID,187.1,0.133618386,,16/08/2019 00:08:33
1.56591E+12,1.56591E+12,5dd2ca89-7156-2f70-1723-01c1ee58b1f8,BID,187.1,0.005344735,,16/08/2019 00:08:33
1.56591E+12,1.56591E+12,03e878fd-5c6b-8102-79f4-e5254c99575c,BID,187.1,0.668091929,,16/08/2019 00:08:33
1.56591E+12,1.56591E+12,6c4fb995-7b5c-7f87-409e-8c57660ddbf4,BID,187.1,0.785676109,,16/08/2019 00:08:42
1.56591E+12,1.56591E+12,0b923c7a-d9ad-540c-ecd1-68937f519cfc,BID,187.1,0.438268306,,16/08/2019 00:08:42
1.56591E+12,1.56591E+12,1ae688b6-6620-d56c-1343-54dad630d809,BID,187.1,10.68947087,,16/08/2019 00:08:43
1.56591E+12,1.56591E+12,0fd9830e-0217-3709-3ef8-bfbfb18d891a,BID,187.1,0.892570818,,16/08/2019 00:08:43
1.56591E+12,1.56591E+12,e577248a-9348-1167-de00-e6234f0d7a53,BID,187.1,2.030999466,,16/08/2019 00:08:44
1.56591E+12,1.56591E+12,c298e4de-07db-3238-2486-3eaa68ff21d3,BID,187.1,0.138963121,,16/08/2019 00:08:46
1.56591E+12,1.56591E+12,57659188-56bb-920a-b52a-ecc2040ac2b8,BID,187.05,0.106923283,,16/08/2019 00:08:46
1.56591E+12,1.56591E+12,fb448655-3033-2fdc-f231-85efafd5c189,BID,187.05,0.133654103,,16/08/2019 00:08:46
1.56591E+12,1.56591E+12,67ae4697-e0e4-6bb9-e6f5-3892bcfa90e1,BID,187.05,0.080192462,,16/08/2019 00:08:46
1.56591E+12,1.56591E+12,49068bd6-ae31-40ae-1a1c-46f1c5f101b8,BID,187.05,0.080192462,,16/08/2019 00:08:46
1.56591E+12,1.56591E+12,47738390-97b2-875d-d938-e49ddd4a4637,BID,187.05,0.080192462,,16/08/2019 00:08:46
1.56591E+12,1.56591E+12,ade2c764-9f38-cd64-f269-eee02d577a5a,BID,187.05,2.127773323,,16/08/2019 00:08:46
1.56591E+12,1.56591E+12,29a9ec3a-c12a-d61d-c650-03be9e6d0fb0,BID,187.05,0.021384657,,16/08/2019 00:08:46
1.56591E+12,1.56591E+12,9063f6c6-7fad-8255-080d-8ea227727abc,ASK,187.1,1.336183859,,16/08/2019 00:08:47
1.56591E+12,1.56591E+12,907f866e-f571-50c4-99bd-28c31c3525fa,BID,187.05,0.229885057,,16/08/2019 00:08:48
1.56591E+12,1.56591E+12,d37443d7-8642-9687-f68d-f47525b390ed,BID,187.05,0.299385191,,16/08/2019 00:08:48
1.56591E+12,1.56591E+12,8d4099b2-44eb-c3d6-fa2e-ba2abe4a709f,BID,187.05,1.299117883,,16/08/2019 00:08:48
1.56591E+12,1.56591E+12,475c0a7d-b754-0a43-889c-a365c431ac85,BID,187.05,0.010692328,,16/08/2019 00:08:48
1.56591E+12,1.56591E+12,3e50e1cc-0b15-b0e3-7aab-c2d6e7f702b6,BID,187.05,0.834001604,,16/08/2019 00:08:48
1.56591E+12,1.56591E+12,7f830ce2-7ee6-00c1-7d9f-83a85e449a3a,BID,187.05,4.512162523,,16/08/2019 00:08:49
1.56591E+12,1.56591E+12,2e3d3908-27c5-7090-fd56-93423693c54f,BID,187.05,0.010692328,,16/08/2019 00:08:49
1.56591E+12,1.56591E+12,c4dc5bad-aebd-5277-0217-6c72b9f09bf1,BID,187.05,0.032076985,,16/08/2019 00:08:49
1.56591E+12,1.56591E+12,21d61e89-6d32-98a5-e0ca-b1b8d9b302ae,BID,187.05,0.005346164,,16/08/2019 00:08:49
1.56591E+12,1.56591E+12,88c101e7-e5db-91b1-b78a-c8e6959f328c,BID,187.05,2.84950548,,16/08/2019 00:08:49
1.56591E+12,1.56591E+12,a57f8deb-3838-ccfd-8f04-8b5d21962e1d,BID,187,0.106951872,,16/08/2019 00:08:59
1.56591E+12,1.56591E+12,90f1a30c-3b06-51ef-c956-59bf86168012,BID,187,1.604278075,,16/08/2019 00:08:59
1.56591E+12,1.56591E+12,b6c57102-0f93-c99a-fd44-d18d74e50912,BID,187,0.828877005,,16/08/2019 00:08:59
1.56591E+12,1.56591E+12,327fb1c5-a5aa-c5af-7f94-51578e5060c3,BID,187,10.69518717,,16/08/2019 00:08:59
1.56591E+12,1.56591E+12,2929a153-f028-3f4b-4e76-047c9e571648,BID,187,0.272727273,,16/08/2019 00:08:59
1.56591E+12,1.56591E+12,deb5fb36-70a1-9de5-f344-689c472a2e28,BID,187,0.192513369,,16/08/2019 00:08:59
1.56591E+12,1.56591E+12,20b319b3-9cc5-eb9b-f299-6a88e67d6eeb,BID,187,5.347593583,,16/08/2019 00:08:59
1.56591E+12,1.56591E+12,286611bd-14ff-c7a0-4e4a-464c6fd26803,BID,187,0.032085561,,16/08/2019 00:08:59
1.56591E+12,1.56591E+12,1831af10-4c21-b349-3c3d-d4f3e593866b,BID,187,0.197860963,,16/08/2019 00:08:59
1.56591E+12,1.56591E+12,61e68103-eeac-913c-a65d-73695fd75512,BID,187,1.705882353,,16/08/2019 00:08:59
1.56591E+12,1.56591E+12,68615990-a71b-d84e-f168-0528e8b88766,BID,187,0.240641711,,16/08/2019 00:08:59
1.56591E+12,1.56591E+12,5255f213-6948-1888-3f6e-185d93c19dfb,BID,187,1.042780749,,16/08/2019 00:08:59
1.56591E+12,1.56591E+12,37cee8b7-5ab0-177c-c3f0-2d3d5fbf75ad,BID,187,26.73796791,,16/08/2019 00:08:59
1.56591E+12,1.56591E+12,d0097f17-9025-f074-b21f-b103f19d9055,BID,187,4.470588235,,16/08/2019 00:08:59
1.56591E+12,1.56591E+12,5695e5da-1b61-f8f7-74e3-32b0ebe663f0,BID,187,0.005347594,,16/08/2019 00:09:01
1.56591E+12,1.56591E+12,e8a9ffab-ecc7-3183-6a30-1fc00954b886,BID,187,0.010695187,,16/08/2019 00:09:01
1.56591E+12,1.56591E+12,1cc6d82d-d4a7-9799-a9a0-cb08e898e721,BID,186.95,0.080235357,,16/08/2019 00:09:01
1.56591E+12,1.56591E+12,a064b5dc-ff5b-5c69-5395-3c7334750b3f,BID,186.95,0.320941428,,16/08/2019 00:09:01
1.56591E+12,1.56591E+12,4301844c-21d7-b4c5-a840-fd81965f4b10,BID,186.95,0.363733619,,16/08/2019 00:09:01
1.56591E+12,1.56591E+12,a2f41728-e0d8-a06a-3049-3dd2913a2ac7,BID,186.95,0.133725595,,16/08/2019 00:09:01
1.56591E+12,1.56591E+12,6a07d2c6-365d-7b1c-e9e6-9b4e69f8a47d,BID,186.95,0.583043595,,16/08/2019 00:09:01
1.56591E+12,1.56591E+12,3b969bf4-aa58-72ca-635a-bdb24a69b811,BID,186.95,9.200320941,,16/08/2019 00:09:01
1.56591E+12,1.56591E+12,b3459a16-8cfa-6138-e4a6-89bc10c4fe83,ASK,187,0.005347594,,16/08/2019 00:09:03
1.56591E+12,1.56591E+12,4543968e-c222-cf06-1afb-568bab9d1d8a,BID,186.95,2.01123295,,16/08/2019 00:09:03
1.56591E+12,1.56591E+12,59a5ae85-0f3d-4413-1a5c-4d72e5f4733c,BID,186.95,1.133993046,,16/08/2019 00:09:03
1.56591E+12,1.56591E+12,65629399-dc7c-860b-c647-98702bb4d8b4,BID,186.95,2.77079433,,16/08/2019 00:09:07
1.56591E+12,1.56591E+12,d4931690-a368-a388-8a6d-220cdd130667,BID,186.95,0.75956138,,16/08/2019 00:09:09
1.56591E+12,1.56591E+12,b37c3da5-5207-a497-e0d7-7acf02b8940e,ASK,187,3.513368984,,16/08/2019 00:09:11
1.56591E+12,1.56591E+12,64f53085-1b34-7611-d6ed-88d42fe5a1b5,BID,186.95,1.069804761,,16/08/2019 00:09:11
1.56591E+12,1.56591E+12,4bc434a4-64e7-dca2-29dd-dce85d921a9e,ASK,187,1.855614973,,16/08/2019 00:09:13
1.56591E+12,1.56591E+12,ce6705fc-93ec-3c87-723c-c6c59a507fca,ASK,187,16.04278075,,16/08/2019 00:09:13
1.56591E+12,1.56591E+12,ba5ca7ed-43ec-b9db-6740-f0b4148b62b2,ASK,187,0.262032086,,16/08/2019 00:09:13
1.56591E+12,1.56591E+12,f0ff43b0-32c1-1b60-eb51-81fe80101f29,ASK,187,5.983957219,,16/08/2019 00:09:13
1.56591E+12,1.56591E+12,803e48dd-888c-ba59-aa2b-1deab9478288,ASK,187,0.122994652,,16/08/2019 00:09:13
1.56591E+12,1.56591E+12,ce0b62a1-1318-339e-2ebb-f4edfc185132,ASK,187,1.165775401,,16/08/2019 00:09:13
1.56591E+12,1.56591E+12,29ea74b9-ac69-f66c-104e-837906e232c4,ASK,187,0.315508021,,16/08/2019 00:09:13
1.56591E+12,1.56591E+12,095845bf-623d-e2cc-ce12-97943c458255,BID,187,0.802139037,,16/08/2019 00:09:15
1.56591E+12,1.56591E+12,b59a2579-dc07-1ddd-3ec7-3b458839ee11,BID,187,0.267379679,,16/08/2019 00:09:16
1.56591E+12,1.56591E+12,be2f7362-e5eb-0d21-ac62-de158a1eb3ea,ASK,187.05,0.261962042,,16/08/2019 00:09:18
1.56591E+12,1.56591E+12,3a62c0ff-8396-246a-eaf5-095976fe91d0,ASK,187.05,5.511895215,,16/08/2019 00:09:18
1.56591E+12,1.56591E+12,59af372b-8147-67f5-79ce-9faf73afa502,BID,187,2.770053476,,16/08/2019 00:09:18
1.56591E+12,1.56591E+12,a00b5409-dd6b-b377-4126-aecdf0d7e37f,ASK,187.05,0.267308206,,16/08/2019 00:09:20
1.56591E+12,1.56591E+12,4918fa22-e5b8-1b6b-3b6c-ce313827e989,ASK,187.05,4.651162791,,16/08/2019 00:09:22
1.56591E+12,1.56591E+12,3aafa9bc-e5a8-1cbf-b095-e88c6315f6b6,ASK,187.05,0.267308206,,16/08/2019 00:09:22
1.56591E+12,1.56591E+12,0dea62ba-efb7-67f9-f814-62a40590e218,ASK,187.05,1.336541032,,16/08/2019 00:09:22
1.56591E+12,1.56591E+12,52656db1-2e3d-be23-34ce-04ed0db9cd8a,ASK,187.05,0.085538626,,16/08/2019 00:09:22
1.56591E+12,1.56591E+12,b29ac8c3-7336-541b-6da0-e5e304ff5758,ASK,187.05,59.05372895,,16/08/2019 00:09:22
1.56591E+12,1.56591E+12,4ff53dac-ba88-da26-80d9-93f08d1d3572,ASK,187.05,1.764234162,,16/08/2019 00:09:22
1.56591E+12,1.56591E+12,cd05722f-2ee6-2fd6-f783-0a646806ec20,ASK,187.05,0.294039027,,16/08/2019 00:09:22
1.56591E+12,1.56591E+12,2e691932-1175-9ce4-3358-3ea017a2631a,ASK,187.1,0.261892036,,16/08/2019 00:09:24
1.56591E+12,1.56591E+12,7b2100b3-463d-cbe7-1253-3ca774f25dda,ASK,187.15,0.261822068,,16/08/2019 00:09:24
1.56591E+12,1.56591E+12,10937b3e-9797-a14b-94d1-48b8e21f3140,ASK,187.15,1.068661501,,16/08/2019 00:09:24
1.56591E+12,1.56591E+12,30fc0d4c-c1f7-8ba5-9377-e940fcd3f30c,ASK,187.2,0.261752137,,16/08/2019 00:09:24
1.56591E+12,1.56591E+12,97474924-69e3-3ff9-79da-4ebf459a97e3,ASK,187.2,1.741452991,,16/08/2019 00:09:24
1.56591E+12,1.56591E+12,7c7f6e59-37f4-cdd7-337e-870503a51bae,ASK,187.2,0.277777778,,16/08/2019 00:09:24
1.56591E+12,1.56591E+12,c41906fc-c4d8-8229-535c-7db479c7af6e,ASK,187.2,7.211538462,,16/08/2019 00:09:24
1.56591E+12,1.56591E+12,6e3d1d26-d572-b021-6f31-b0e63aec30b1,ASK,187.2,3.883547009,,16/08/2019 00:09:24
1.56591E+12,1.56591E+12,69bab071-d239-df17-d3b0-997ad1033866,ASK,187.25,0.261682243,,16/08/2019 00:09:25
1.56591E+12,1.56591E+12,e18720b2-5cfd-c948-117a-ec4ee610db47,ASK,187.25,0.582109479,,16/08/2019 00:09:25
1.56591E+12,1.56591E+12,3006320f-e831-78d3-330a-ca44a52f244e,ASK,187.3,0.261612387,,16/08/2019 00:09:25
1.56591E+12,1.56591E+12,da34e044-fe5d-329f-e4e1-5c9210098921,ASK,187.35,0.026688017,,16/08/2019 00:09:27
1.56591E+12,1.56591E+12,639abdd1-4088-8c73-673e-bc9a9ccf4a78,ASK,187.35,0.240192154,,16/08/2019 00:09:27
1.56591E+12,1.56591E+12,e399a34d-f561-b6cb-d4c4-711927954372,ASK,187.35,0.133440085,,16/08/2019 00:09:27
1.56591E+12,1.56591E+12,3f7cd59b-a736-d1fa-50e0-a0c702081c6e,ASK,187.4,0.261472785,,16/08/2019 00:09:27
1.56591E+12,1.56591E+12,3c4a185a-f39c-f5b1-5392-4f000b97caf4,ASK,187.4,0.186766275,,16/08/2019 00:09:27
1.56591E+12,1.56591E+12,a05d0607-7c2b-8ccb-7798-6240213b04fb,ASK,187.4,2.636072572,,16/08/2019 00:09:27
1.56591E+12,1.56591E+12,32d9bb5f-a895-21c7-27f0-89724adf857a,ASK,187.4,6.003201708,,16/08/2019 00:09:28
1.56591E+12,1.56591E+12,4dccb8a9-3508-ed48-ad46-f29851666504,ASK,187.4,0.106723586,,16/08/2019 00:09:28
1.56591E+12,1.56591E+12,65d3c10a-94c5-1047-4f70-a12bf4e81f9d,ASK,187.4,1.083244397,,16/08/2019 00:09:30
1.56591E+12,1.56591E+12,18a353fa-7bc7-acb4-3b25-c1673afb1484,ASK,187.4,0.048025614,,16/08/2019 00:09:30
1.56591E+12,1.56591E+12,5968bba6-d036-34dd-a91d-6158de89914c,ASK,187.4,0.128068303,,16/08/2019 00:09:30
1.56591E+12,1.56591E+12,85d15429-6dfd-a55e-9b39-fdb80ba82865,ASK,187.4,0.106723586,,16/08/2019 00:09:30
1.56591E+12,1.56591E+12,4295c265-c7de-a215-2e31-d938902f356d,ASK,187.4,0.133404482,,16/08/2019 00:09:30
1.56591E+12,1.56591E+12,824aceba-b0e1-18bc-76bb-380fdc161328,ASK,187.4,0.144076841,,16/08/2019 00:09:30
1.56591E+12,1.56591E+12,3d806128-57c7-6436-6838-cba54047f14e,ASK,187.4,0.128068303,,16/08/2019 00:09:30
1.56591E+12,1.56591E+12,7ed35f4e-f19e-7fc1-66cb-4cf9879f526d,ASK,187.4,0.138740662,,16/08/2019 00:09:30
1.56591E+12,1.56591E+12,0dfc4383-e07d-26c4-3adb-a11db280af25,ASK,187.4,0.245464248,,16/08/2019 00:09:30
1.56591E+12,1.56591E+12,d61f7ef5-399a-efa5-8ed0-8209bb2aed63,ASK,187.4,0.165421558,,16/08/2019 00:09:30
1.56591E+12,1.56591E+12,b8b59251-3c25-40cd-a93c-435d0a354364,ASK,187.4,3.014941302,,16/08/2019 00:09:30
1.56591E+12,1.56591E+12,26674cad-ccc8-8e44-14a4-006066f5ac86,BID,187.35,0.106752068,,16/08/2019 00:09:30
1.56591E+12,1.56591E+12,9ad32bf5-195a-a837-ee37-35de1fa72213,BID,187.35,0.005337603,,16/08/2019 00:09:32
1.56591E+12,1.56591E+12,602d5a40-0675-ab3c-5642-7036045f2976,BID,187.35,1.617293835,,16/08/2019 00:09:32
1.56591E+12,1.56591E+12,78db86a5-987f-9d86-c7ab-c4e33b3b53f7,BID,187.35,1.729383507,,16/08/2019 00:09:32
1.56591E+12,1.56591E+12,9ed386a1-a465-7a2b-5fd5-28d09ac3eef8,BID,187.35,4.051240993,,16/08/2019 00:09:32
1.56591E+12,1.56591E+12,dae28b56-99bb-8fb0-1eb4-780be6b0d197,ASK,187.4,4.364994664,,16/08/2019 00:09:33
1.56591E+12,1.56591E+12,f6d152a3-cee7-f44d-0afe-3595ca5eb62e,BID,187.35,1.467840939,,16/08/2019 00:09:38
1.56591E+12,1.56591E+12,e620d1dc-e945-123c-d997-f23f03dd257c,BID,187.35,1.29703763,,16/08/2019 00:09:38
1.56591E+12,1.56591E+12,24629261-1cb3-dc58-b4bb-46697111d6bf,BID,187.35,2.76487857,,16/08/2019 00:09:38
1.56591E+12,1.56591E+12,961329dd-c33b-3613-5104-e8bdba8ffe6e,BID,187.35,2.76487857,,16/08/2019 00:09:39
1.56591E+12,1.56591E+12,ede7bfc7-c87c-a5d1-33ee-5a3d35842d40,BID,187.35,0.587136376,,16/08/2019 00:09:40
1.56591E+12,1.56591E+12,d0aeb6e5-cec4-88c2-6304-5ccbfea67896,BID,187.35,1.377101681,,16/08/2019 00:09:50
1.56591E+12,1.56591E+12,94afcdd2-7367-c6e5-29f6-1f15393f559b,BID,187.35,1.371764078,,16/08/2019 00:09:58
1.56591E+12,1.56591E+12,84c36797-4d36-3f32-c33b-3f61da0d2f6f,ASK,187.4,0.320170758,,16/08/2019 00:10:01
1.56591E+12,1.56591E+12,1e19b47f-9831-9d23-6616-6f337ff19e9c,BID,187.35,7.397918335,,16/08/2019 00:10:03
1.56591E+12,1.56591E+12,9de92247-5bfb-e099-99ae-0045d9aacda3,BID,187.35,0.106752068,,16/08/2019 00:10:04
1.56591E+12,1.56591E+12,66f8bc55-edc7-3a17-498c-2757b90319bc,BID,187.35,1.291700027,,16/08/2019 00:10:05
1.56591E+12,1.56591E+12,fba37862-a0f4-6e19-095f-aa85006c1281,ASK,187.4,0.277481323,,16/08/2019 00:10:05
1.56591E+12,1.56591E+12,b715ab45-5ee5-9937-5667-0e05df0d1b12,ASK,187.4,11.45677695,,16/08/2019 00:10:13
1.56591E+12,1.56591E+12,126ced9f-6fb5-6bf2-5e2a-19f83523005b,ASK,187.4,0.085378869,,16/08/2019 00:10:13
1.56591E+12,1.56591E+12,338af4de-9b2b-69e5-6528-d5a58a49c655,ASK,187.4,0.042689434,,16/08/2019 00:10:13
1.56591E+12,1.56591E+12,38c2c2eb-b215-f402-f8a8-12fb75a30c1c,ASK,187.4,0.085378869,,16/08/2019 00:10:13
1.56591E+12,1.56591E+12,f8408dce-654a-a717-68ef-0318ee549396,ASK,187.4,17.67876201,,16/08/2019 00:10:13
1.56591E+12,1.56591E+12,c66cd2cc-865f-7647-c09b-f0223c46c07c,ASK,187.4,0.53361793,,16/08/2019 00:10:20
1.56591E+12,1.56591E+12,0aab83c6-6160-de3b-4ad3-09de985d7643,ASK,187.4,0.53361793,,16/08/2019 00:10:21
1.56591E+12,1.56591E+12,9c04a16e-2b37-f951-b400-89ed677f6eab,BID,187.35,7.397918335,,16/08/2019 00:10:33
1.56591E+12,1.56591E+12,6a656d6f-8bbd-2758-4a59-da562f572471,BID,187.35,0.042700827,,16/08/2019 00:10:38
1.56591E+12,1.56591E+12,1b6fbffe-6752-c358-b408-afa7e206d968,BID,187.35,0.40565786,,16/08/2019 00:10:38
1.56591E+12,1.56591E+12,2971b36b-709d-86f2-14f2-b6157d4975d0,BID,187.35,0.101414465,,16/08/2019 00:10:38
1.56591E+12,1.56591E+12,dbb1a607-5b97-28bc-495f-b8b062e69b65,BID,187.35,0.021350414,,16/08/2019 00:10:38
1.56591E+12,1.56591E+12,f0395087-f1f4-be0b-3981-43fd163b1a97,BID,187.35,21.86282359,,16/08/2019 00:10:42
1.56591E+12,1.56591E+12,5e9e8728-9a41-9ce4-9fc7-d89ab4ed8d83,BID,187.35,13.36535895,,16/08/2019 00:10:42
1.56591E+12,1.56591E+12,01b4ecde-61bb-bd88-c045-45e3777f6f54,BID,187.35,7.472644782,,16/08/2019 00:10:42
1.56591E+12,1.56591E+12,8219f672-edb2-1891-11bf-b143748c72a5,BID,187.35,15.45236189,,16/08/2019 00:10:42
1.56591E+12,1.56591E+12,bad0f121-b33c-2dd9-4423-9a76ecadacbf,BID,187.35,10.16813451,,16/08/2019 00:10:42
1.56591E+12,1.56591E+12,fa5aa6e8-e9ee-8ae0-cc77-d63b5e797069,BID,187.35,2.135041366,,16/08/2019 00:10:42
1.56591E+12,1.56591E+12,155969c7-74a1-b6f7-b744-226a88afae33,BID,187.35,7.93701628,,16/08/2019 00:10:42
1.56591E+12,1.56591E+12,5f1d3d4e-e657-2c84-f163-2e2274396d2f,BID,187.35,2.738190552,,16/08/2019 00:10:42
1.56591E+12,1.56591E+12,8475d1da-150a-a973-d704-c0fbf54ffe82,BID,187.35,0.533760342,,16/08/2019 00:10:42
1.56591E+12,1.56591E+12,ae1841fb-9b85-06ca-3729-31cae20f0ff0,BID,187.35,6.405124099,,16/08/2019 00:10:42
1.56591E+12,1.56591E+12,7440ca6e-8e19-d476-14e2-733b44253355,BID,187.35,6.938884441,,16/08/2019 00:10:42
1.56591E+12,1.56591E+12,278672f0-7bb6-9648-48cd-29ad9e08c33e,BID,187.35,17.36322391,,16/08/2019 00:10:43
1.56591E+12,1.56591E+12,c21da9cf-fe5a-b85f-8ceb-9c37bdfcfbc4,BID,187.35,22.00160128,,16/08/2019 00:10:43
1.56591E+12,1.56591E+12,c1e9511a-ba17-57ca-5486-87fcc4f882f5,BID,187.35,22.12970376,,16/08/2019 00:10:43
1.56591E+12,1.56591E+12,247ac560-9347-4b0b-7cb1-5a0868724913,BID,187.35,18.7456632,,16/08/2019 00:10:43
1.56591E+12,1.56591E+12,3f61a7fd-1cbd-5f04-75db-0dca80c6cc31,BID,187.35,2.690152122,,16/08/2019 00:10:43
1.56591E+12,1.56591E+12,4644a69e-65b0-2d8e-50d0-f3f97229de84,BID,187.35,7.659460902,,16/08/2019 00:10:43
1.56591E+12,1.56591E+12,d7580dec-9298-486c-06b2-b06ec76f45a3,BID,187.35,0.133440085,,16/08/2019 00:10:43
1.56591E+12,1.56591E+12,1589bd05-43b3-9f06-967c-742a1c2450ad,BID,187.35,0.6244996,,16/08/2019 00:10:43
1.56591E+12,1.56591E+12,f812c22d-6bc7-5646-a598-16535508b39b,BID,187.35,8.006405124,,16/08/2019 00:10:43
1.56591E+12,1.56591E+12,7d0249bb-5af7-c538-cee8-73824f583151,BID,187.35,0.320256205,,16/08/2019 00:10:43
1.56591E+12,1.56591E+12,a172af26-91f0-947b-cbf2-860582a3ace9,BID,187.35,3.117160395,,16/08/2019 00:10:43
1.56591E+12,1.56591E+12,4fe7a99a-980f-2103-08af-c82fc8e6cc1a,BID,187.35,0.352281825,,16/08/2019 00:10:43
1.56591E+12,1.56591E+12,92fea0d8-02b9-bde8-8ba2-b73f40005995,BID,187.35,0.160128102,,16/08/2019 00:10:43
1.56591E+12,1.56591E+12,5d3cb7d8-c186-6725-e4f2-7fc1426430e2,BID,187.3,0.53390283,,16/08/2019 00:10:43
1.56591E+12,1.56591E+12,af2cd32e-f1dc-5531-95fd-47263e39f3be,BID,187.25,0.320427236,,16/08/2019 00:10:57
1.56591E+12,1.56591E+12,061d4217-99c5-c915-c89d-900cc5345a33,BID,187.25,2.26435247,,16/08/2019 00:10:57
1.56591E+12,1.56591E+12,e68600b7-5e1a-f72b-6d16-8a5f4ed767e8,BID,187.25,0.085447263,,16/08/2019 00:10:57
1.56591E+12,1.56591E+12,ea460dfe-603e-7912-7ad1-f13241e3457f,BID,187.25,0.170894526,,16/08/2019 00:11:03
1.56591E+12,1.56591E+12,d8030920-eb81-7c7b-7edc-ee770e7f4656,BID,187.25,0.411214953,,16/08/2019 00:11:03
1.56591E+12,1.56591E+12,efc45d06-9507-d01c-a752-e7d44580ff52,BID,187.25,0.475300401,,16/08/2019 00:11:03
1.56591E+12,1.56591E+12,430ab0f2-2baa-01b9-41f2-4ffa0ca9c382,BID,187.25,0.363150868,,16/08/2019 00:11:03
1.56591E+12,1.56591E+12,495e2edf-3e9b-a1b3-4591-eeba336ef2f0,BID,187.25,0.843791722,,16/08/2019 00:11:03
1.56591E+12,1.56591E+12,168be7c8-0f8e-8c63-e3a4-c005f4bfe893,BID,187.25,2.173564753,,16/08/2019 00:11:03
1.56591E+12,1.56591E+12,89e1662d-8825-4552-7228-e9a7efd9f91c,BID,187.25,0.213618158,,16/08/2019 00:11:03
1.56591E+12,1.56591E+12,cb7fd950-4bad-5949-89cc-1c536890dcff,BID,187.25,1.628838451,,16/08/2019 00:11:03
1.56591E+12,1.56591E+12,d81ec310-95ba-98a5-0815-cc74bff51505,BID,187.25,7.401869159,,16/08/2019 00:11:03
1.56591E+12,1.56591E+12,9a652783-37e0-1624-1737-0277c5be2d04,BID,187.25,6.990654206,,16/08/2019 00:11:04
1.56591E+12,1.56591E+12,fa7a62da-73fe-cef1-b617-ae88c372c577,BID,187.2,0.133547009,,16/08/2019 00:11:05
1.56591E+12,1.56591E+12,7335e73c-7545-4f2e-3ec1-c290736ab199,BID,187.15,0.133582688,,16/08/2019 00:11:05
1.56591E+12,1.56591E+12,03eb41eb-2c60-5b64-4c56-08de2adae4c9,BID,187.15,0.090836228,,16/08/2019 00:11:05
1.56591E+12,1.56591E+12,d3c0c38b-db2f-de74-660b-e51d0581da54,BID,187.15,0.04274646,,16/08/2019 00:11:05
1.56591E+12,1.56591E+12,c004bc6d-1f3d-3252-fe94-691429146f9d,BID,187.15,0.539674058,,16/08/2019 00:11:06
1.56591E+12,1.56591E+12,bcab0a0e-4918-e9ba-fbbb-7cc11b674b85,BID,187.15,2.228159231,,16/08/2019 00:11:06
1.56591E+12,1.56591E+12,f358f08d-a551-a445-feb9-5520cca9263a,BID,187.15,2.767833289,,16/08/2019 00:11:07
1.56591E+12,1.56591E+12,1b25d18c-7d22-0579-41ff-7cc2c89320c9,BID,187.15,2.767833289,,16/08/2019 00:11:07
1.56591E+12,1.56591E+12,35e7304f-f9d0-8fda-50a3-52416522ec65,BID,187.15,2.767833289,,16/08/2019 00:11:08
1.56591E+12,1.56591E+12,b6aecb7a-227e-ca90-9ce6-1e4864dbfbc5,BID,187.15,2.767833289,,16/08/2019 00:11:08
1.56591E+12,1.56591E+12,4e7b35e6-a402-e79b-1ecd-9b63194e8562,BID,187.15,2.767833289,,16/08/2019 00:11:09
1.56591E+12,1.56591E+12,0457e609-d285-4098-8655-d577a1823f4c,BID,187.15,11.70718675,,16/08/2019 00:11:19
1.56591E+12,1.56591E+12,8c8cc2e5-7a3f-78cf-ba58-d3198fa794bc,ASK,187.2,4.83974359,,16/08/2019 00:11:21
1.56591E+12,1.56591E+12,0e8f45a7-65b6-add5-dac4-50523852593b,ASK,187.2,0.534188034,,16/08/2019 00:11:21
1.56591E+12,1.56591E+12,9137f095-e519-eaa0-d3c4-8ef40c3b0389,ASK,187.2,26.70940171,,16/08/2019 00:11:21
1.56591E+12,1.56591E+12,cff12f6c-e73a-911c-9ad4-80844d9c9d68,ASK,187.2,0.806623932,,16/08/2019 00:11:21
1.56591E+12,1.56591E+12,74202383-2e07-5eb4-4adb-872418c51e51,ASK,187.2,5.341880342,,16/08/2019 00:11:21
1.56591E+12,1.56591E+12,ba63e939-423c-53fe-04fc-b520cce9b4c9,ASK,187.2,0.032051282,,16/08/2019 00:11:21
1.56591E+12,1.56591E+12,f71c470d-67d7-e7d3-2482-3ce169be2499,ASK,187.2,0.021367521,,16/08/2019 00:11:21
1.56591E+12,1.56591E+12,8e5ad28e-ac54-850a-9f96-1e71f1a23d4b,ASK,187.2,0.037393162,,16/08/2019 00:11:21
1.56591E+12,1.56591E+12,aefad46b-2017-65a4-da3e-407a7a46fc80,ASK,187.2,1.068376068,,16/08/2019 00:11:21
1.56591E+12,1.56591E+12,637352ec-4b34-6456-21f9-5334aceec756,ASK,187.2,0.085470085,,16/08/2019 00:11:21
1.56591E+12,1.56591E+12,400cae00-4b81-c392-cdec-5de29231ee7a,ASK,187.25,0.534045394,,16/08/2019 00:11:29
1.56591E+12,1.56591E+12,1b3402e4-c5ba-09b8-df49-4f0cfc4238e4,ASK,187.3,0.53390283,,16/08/2019 00:11:33
1.56591E+12,1.56591E+12,0aebe921-8541-4e79-1e18-1fb45fcf2495,ASK,187.3,0.630005339,,16/08/2019 00:11:33
1.56591E+12,1.56591E+12,4fce5fd1-a44b-18a4-eab3-f343e6493ceb,ASK,187.3,5.339028297,,16/08/2019 00:11:33
1.56591E+12,1.56591E+12,4a2df061-6c77-22b0-30e6-3195cc2f7424,ASK,187.3,1.057127603,,16/08/2019 00:11:33
1.56591E+12,1.56591E+12,a93253a2-050b-005a-7add-914526953e4b,BID,187.3,7.399893219,,16/08/2019 00:11:36
1.56591E+12,1.56591E+12,fc353ee5-4eec-ca70-333b-2b64d7b24385,ASK,187.35,0.314918602,,16/08/2019 00:11:36
1.56591E+12,1.56591E+12,f304c5d2-2b2d-c2b2-cce0-77e82714a5ad,ASK,187.35,0.21884174,,16/08/2019 00:11:37
1.56591E+12,1.56591E+12,ee33cf8b-e953-db29-13fd-b1a9fb5e3541,ASK,187.35,0.261542567,,16/08/2019 00:11:37
1.56591E+12,1.56591E+12,f29576ee-b621-2e53-0f76-6284f2071e9b,ASK,187.4,0.053361793,,16/08/2019 00:11:37
1.56591E+12,1.56591E+12,0dc8fbc9-3e14-735f-527e-1b482febebf8,ASK,187.4,0.128068303,,16/08/2019 00:11:37
1.56591E+12,1.56591E+12,617b0f71-e854-915b-631a-405e4268e7db,ASK,187.4,2.694770544,,16/08/2019 00:11:37
1.56591E+12,1.56591E+12,dfa7e956-528c-9d31-bb73-6cdafa724872,ASK,187.4,1.243329776,,16/08/2019 00:11:37
1.56591E+12,1.56591E+12,6a426dd1-6de9-bec3-4dd2-119f2c06643c,ASK,187.4,4.09284952,,16/08/2019 00:11:38
1.56591E+12,1.56591E+12,832fbf5e-a2ac-686e-ac4b-1afe2addf116,ASK,187.45,0.14403841,,16/08/2019 00:11:38
1.56591E+12,1.56591E+12,e8ad3088-3e05-a1e8-24c7-db46b0140dc3,ASK,187.45,0.106695119,,16/08/2019 00:11:38
1.56591E+12,1.56591E+12,b2cd4d78-4ef9-9c15-de74-d9e0d97d3155,ASK,187.45,0.016004268,,16/08/2019 00:11:38
1.56591E+12,1.56591E+12,e9c9efff-60f1-1599-74e5-fc298baeb74e,ASK,187.45,0.581488397,,16/08/2019 00:11:38
1.56591E+12,1.56591E+12,75ccbe50-8012-552a-2800-695a9501f23c,ASK,187.5,0.394666667,,16/08/2019 00:11:38
1.56591E+12,1.56591E+12,27606c0d-0ad5-e3bb-8869-adc70365f19f,ASK,187.5,0.277333333,,16/08/2019 00:11:38
1.56591E+12,1.56591E+12,e7739d42-9e77-ce10-35b5-12ea6a3fdc2a,BID,187.45,4.897305948,,16/08/2019 00:11:41
1.56591E+12,1.56591E+12,e5fe46d8-fa56-e32c-22d0-1b93836e659f,BID,187.45,4.833288877,,16/08/2019 00:11:41
1.56591E+12,1.56591E+12,1a946883-7a82-92bf-cd4a-02fde691e251,BID,187.45,0.266737797,,16/08/2019 00:11:41
1.56591E+12,1.56591E+12,6b906b44-828b-146e-4a4c-cc8c7139c4bd,BID,187.45,0.010669512,,16/08/2019 00:11:41
1.56591E+12,1.56591E+12,44eed064-061d-5cc4-51f7-9a824877ee9f,BID,187.45,0.010669512,,16/08/2019 00:11:41
1.56591E+12,1.56591E+12,7588465f-49b8-05b1-4ab2-cba0bd251e87,BID,187.4,0.266808965,,16/08/2019 00:11:46
1.56591E+12,1.56591E+12,e38062f0-235a-d7e7-56e0-c88ea1b7d092,BID,187.35,0.261542567,,16/08/2019 00:11:48
1.56591E+12,1.56591E+12,3b0c99d8-b009-d171-5c2a-e8b869675c97,ASK,187.35,0.133440085,,16/08/2019 00:11:49
1.56591E+12,1.56591E+12,3e9406e4-475d-e313-e7b8-bc58ce0b5430,BID,187.3,0.261612387,,16/08/2019 00:12:06
1.56591E+12,1.56591E+12,29378244-0e76-9554-86c7-c2a74c1e481e,BID,187.3,0.133475707,,16/08/2019 00:12:06
1.56591E+12,1.56591E+12,8d762a4a-62a2-4f1c-2fab-3d364985fd9e,BID,187.3,7.004805125,,16/08/2019 00:12:06
1.56591E+12,1.56591E+12,e4a7a76c-58ff-9cd0-9c09-468de2ee63c7,ASK,187.3,4.901227977,,16/08/2019 00:12:15
1.56591E+12,1.56591E+12,43754cc7-8c38-a5ee-f513-1922184ae092,ASK,187.3,5.776828617,,16/08/2019 00:12:15
1.56591E+12,1.56591E+12,a717c93d-4521-03d4-0f4a-15c8d3473558,ASK,187.3,1.334757074,,16/08/2019 00:12:26
1.56591E+12,1.56591E+12,da495ddf-19ce-b109-1852-99071b703933,BID,187.25,0.261682243,,16/08/2019 00:12:37
1.56591E+12,1.56591E+12,fc80aa16-8a55-9f08-8d9a-00068ef1dd7a,BID,187.25,7.140186916,,16/08/2019 00:12:37
1.56591E+12,1.56591E+12,9f62c29e-eb58-3a45-8626-585e4cc62559,ASK,187.3,0.896956754,,16/08/2019 00:12:39
1.56591E+12,1.56591E+12,54ca6595-b668-b648-72b4-ec8662acd03f,ASK,187.3,8.008542445,,16/08/2019 00:12:39
1.56591E+12,1.56591E+12,2fdc6c78-08d8-4b48-f9ee-b11a25ff61ab,ASK,187.3,8.008542445,,16/08/2019 00:12:39
1.56591E+12,1.56591E+12,321bd7e9-b471-db39-b8c7-bc6ebad8bf4b,ASK,187.3,0.261612387,,16/08/2019 00:12:39
1.56591E+12,1.56591E+12,facccebf-a6a5-38b6-2c60-2aa93f430469,ASK,187.3,1.334757074,,16/08/2019 00:12:39
1.56591E+12,1.56591E+12,1a5811b2-98b6-36d4-b2b7-98cec6450db4,ASK,187.3,0.635344367,,16/08/2019 00:12:39
1.56591E+12,1.56591E+12,4c4623d0-2fe1-bb5b-fe4b-1c4539713b4c,ASK,187.35,0.261542567,,16/08/2019 00:12:40
1.56591E+12,1.56591E+12,af0c2f9b-c9ef-4741-4be8-a90d4b5b24cf,ASK,187.35,0.368294636,,16/08/2019 00:12:40
1.56591E+12,1.56591E+12,c6b5ddc7-85fb-00be-7c29-be5ed5231c27,ASK,187.4,0.218783351,,16/08/2019 00:12:42
1.56591E+12,1.56591E+12,f57beeff-67c4-adee-3bac-53c5612aae25,ASK,187.4,0.042689434,,16/08/2019 00:12:42
1.56591E+12,1.56591E+12,d1fd9ddb-48a0-bdd6-360c-67dfe6c0610a,ASK,187.45,6.401707122,,16/08/2019 00:12:43
1.56591E+12,1.56591E+12,99347585-1156-ee14-c299-e7c043308d1a,ASK,187.5,1.333333333,,16/08/2019 00:12:45
1.56591E+12,1.56591E+12,6315e630-dac4-8cef-ff25-011cc1cf8a93,ASK,187.5,4.266666667,,16/08/2019 00:12:58
1.56591E+12,1.56591E+12,31cff61c-775d-fbce-18f8-49252b31b3cf,BID,187.45,5.724193118,,16/08/2019 00:13:07
1.56591E+12,1.56591E+12,946373f5-c1a3-54d1-a90d-e9a5caa7a692,BID,187.45,1.669778608,,16/08/2019 00:13:07
1.56591E+12,1.56591E+12,84391a2e-0237-fdbe-6ccc-c6bfdb78f273,ASK,187.5,1.6,,16/08/2019 00:13:08
1.56591E+12,1.56591E+12,7d648cb4-1cd7-8e56-59fc-17c6e46c4260,ASK,187.5,1.6,,16/08/2019 00:13:17
1.56591E+12,1.56591E+12,cdd0c0fe-bb6e-f3e2-c9f5-5f5539e3fdf3,ASK,187.5,1.194666667,,16/08/2019 00:13:29
1.56591E+12,1.56591E+12,51dbed92-b8ed-d71c-bcd5-11170a743e16,ASK,187.5,0.176,,16/08/2019 00:13:29
1.56591E+12,1.56591E+12,d439710c-1f2a-e5b6-92b3-f1da311504c4,ASK,187.5,0.330666667,,16/08/2019 00:13:29
1.56591E+12,1.56591E+12,a2362521-7264-c0d6-a19e-7227e6b3e6c6,ASK,187.5,0.165333333,,16/08/2019 00:13:29
1.56591E+12,1.56591E+12,7147960a-b96a-b927-6f03-da60008ad26f,ASK,187.5,0.021333333,,16/08/2019 00:13:29
1.56591E+12,1.56591E+12,f120c433-3757-78ba-3c54-6b18b4d2139d,ASK,187.5,0.8,,16/08/2019 00:13:29
1.56591E+12,1.56591E+12,6227912a-7f54-145e-812c-37ee8545a0d9,ASK,187.5,0.032,,16/08/2019 00:13:29
1.56591E+12,1.56591E+12,c92300c9-e837-c3eb-54f2-5dd49ac123ef,ASK,187.5,1.546666667,,16/08/2019 00:13:29
1.56591E+12,1.56591E+12,b90ff5ec-1fa0-1f44-0188-62e64af29fc4,BID,187.45,7.393971726,,16/08/2019 00:13:37
1.56591E+12,1.56591E+12,d1ff3406-ca1e-2b27-6321-2344658973b8,ASK,187.5,5.722666667,,16/08/2019 00:13:40
1.56591E+12,1.56591E+12,bb969a7d-2c62-368c-26df-0029d63a1820,ASK,187.5,0.010666667,,16/08/2019 00:13:40
1.56591E+12,1.56591E+12,7f63dc95-abd8-d5a3-c392-e656726ac160,BID,187.5,14.93333333,,16/08/2019 00:13:40
1.56591E+12,1.56591E+12,fbf0ff3f-ce1c-d927-9096-1b8ce9748dbd,BID,187.5,58.50666667,,16/08/2019 00:13:40
1.56591E+12,1.56591E+12,2a68dd5d-3c29-923a-5c67-d55a13806732,BID,187.5,4.96,,16/08/2019 00:13:40
1.56591E+12,1.56591E+12,c82c3ba0-40ba-bb01-4cc0-1640e71200aa,BID,187.5,4.298666667,,16/08/2019 00:13:41
1.56591E+12,1.56591E+12,014726de-817b-7bdd-d0f1-c384eb92eba0,BID,187.5,3.6,,16/08/2019 00:13:41
1.56591E+12,1.56591E+12,da6d477b-7a18-e5da-4c20-77dd79e64941,BID,187.5,2,,16/08/2019 00:13:41
1.56591E+12,1.56591E+12,ae24df53-ad49-4bfb-235e-12712c11230e,BID,187.5,266.6666667,,16/08/2019 00:13:41
1.56591E+12,1.56591E+12,9b7f24bc-2747-bd72-3c09-a6c94b5ecf55,BID,187.5,0.533333333,,16/08/2019 00:13:41
1.56591E+12,1.56591E+12,f9fba713-b5ed-e72f-c40b-d5a08a8662e2,BID,187.5,26.66666667,,16/08/2019 00:13:41
1.56591E+12,1.56591E+12,5bcaeb54-6343-1784-8458-564dc2d3c962,BID,187.5,8,,16/08/2019 00:13:41
1.56591E+12,1.56591E+12,ef5011c0-d9de-b28e-0a10-5a1355fc69e0,BID,187.5,26.66666667,,16/08/2019 00:13:41
1.56591E+12,1.56591E+12,f71cfb25-7edc-8a42-5463-0700cf3e6818,BID,187.5,8,,16/08/2019 00:13:41
1.56591E+12,1.56591E+12,f855ac82-c0be-5066-9c33-864024fdad10,BID,187.5,17.74933333,,16/08/2019 00:13:41
1.56591E+12,1.56591E+12,6c015b4b-473f-bb21-9430-3530a1b7c4a8,BID,187.5,3.509333333,,16/08/2019 00:13:41
1.56591E+12,1.56591E+12,a7759593-9fa0-50b7-00cc-10831decf828,BID,187.5,0.261333333,,16/08/2019 00:13:41
1.56591E+12,1.56591E+12,17efa797-0942-9b3a-7b5a-1f8f93fac644,BID,187.5,10.06933333,,16/08/2019 00:13:41
1.56591E+12,1.56591E+12,c998f2e5-a2f9-0d97-9678-0bc670f7b8bf,BID,187.5,8.501333333,,16/08/2019 00:13:41
1.56591E+12,1.56591E+12,1e142f92-56c1-6dd1-66f4-2b88f978c67f,BID,187.5,7.061333333,,16/08/2019 00:13:41
1.56591E+12,1.56591E+12,f0260615-3aec-8a47-d1b8-76033128c1f3,BID,187.5,4.101333333,,16/08/2019 00:13:41
1.56591E+12,1.56591E+12,4877abb8-861f-af2f-a39e-f366982d9104,BID,187.45,0.533475593,,16/08/2019 00:13:41
1.56591E+12,1.56591E+12,12fb8ca9-256e-ff4c-85ce-3b64d005a277,BID,187.45,0.261403041,,16/08/2019 00:13:41
1.56591E+12,1.56591E+12,b9e9fc69-68a1-d87b-b120-6187a5c9a55c,BID,187.45,266.7377967,,16/08/2019 00:13:41
1.56591E+12,1.56591E+12,8a2a0b1c-823e-c6e4-4f20-0745dbc3ecc0,BID,187.45,0.085356095,,16/08/2019 00:13:41
1.56591E+12,1.56591E+12,4f1fbc07-7b98-f058-0951-cd7eb1f24084,BID,187.45,0.042678047,,16/08/2019 00:13:41
1.56591E+12,1.56591E+12,9153c785-f805-3919-74c4-d8b3e31dd251,BID,187.45,127.9434516,,16/08/2019 00:13:41
1.56591E+12,1.56591E+12,e59e9514-c54d-456f-3457-e97e9c8d555c,BID,187.45,6.935182715,,16/08/2019 00:13:41
1.56591E+12,1.56591E+12,b30074f6-d550-a989-c180-57118318575a,BID,187.45,8.839690584,,16/08/2019 00:13:41
1.56591E+12,1.56591E+12,4d9e7707-cb8c-c532-eaac-03a7cb2bde4c,BID,187.45,0.010669512,,16/08/2019 00:13:41
1.56591E+12,1.56591E+12,ee6044c5-676a-4054-cf84-87fde937e51b,BID,187.45,54.92131235,,16/08/2019 00:13:41
1.56591E+12,1.56591E+12,4a53f1cf-7b52-95e9-507f-6913a7bfd589,BID,187.45,80.02133902,,16/08/2019 00:13:41
1.56591E+12,1.56591E+12,c7bede6d-7a44-b16f-86f6-939daec04c90,BID,187.5,0.64,,16/08/2019 00:13:48
1.56591E+12,1.56591E+12,4b6856eb-5c32-c456-6501-255b651b1f63,ASK,187.55,0.127965876,,16/08/2019 00:13:49
1.56591E+12,1.56591E+12,f22d214b-268f-7398-7e2c-8c61b1826b18,ASK,187.55,0.165289256,,16/08/2019 00:13:49
1.56591E+12,1.56591E+12,8849ea6a-654e-c087-c231-0fea28aebabc,ASK,187.55,0.133297787,,16/08/2019 00:13:49
1.56591E+12,1.56591E+12,2a6a528c-f5d8-1818-b8e7-00b116f597a6,ASK,187.55,0.165289256,,16/08/2019 00:13:49
1.56591E+12,1.56591E+12,84dac7a7-90a4-981e-0409-fd6a73160743,ASK,187.55,0.181284991,,16/08/2019 00:13:49
1.56591E+12,1.56591E+12,6a7839aa-4aa3-3007-3264-b6527928b450,ASK,187.55,0.165289256,,16/08/2019 00:13:49
1.56591E+12,1.56591E+12,55d77c88-ad93-62e8-34af-2fbdcf205d8b,ASK,187.55,0.309250866,,16/08/2019 00:13:49
1.56591E+12,1.56591E+12,cf0adde3-b303-4214-e81c-9cef84796912,ASK,187.55,0.207944548,,16/08/2019 00:13:49
1.56591E+12,1.56591E+12,30193b24-6020-9616-eb64-f6b754d4a3e0,ASK,187.55,0.14396161,,16/08/2019 00:13:49
1.56591E+12,1.56591E+12,7301fdc0-97f0-f09d-9579-4d34a4fead1c,ASK,187.55,0.255931752,,16/08/2019 00:13:55
1.56591E+12,1.56591E+12,a48c7630-3011-9350-a1a5-a1d708cd7c2e,ASK,187.55,0.063982938,,16/08/2019 00:13:55
1.56591E+12,1.56591E+12,fd6f7f4a-6065-5018-c20c-d62278247db7,ASK,187.55,1.727539323,,16/08/2019 00:13:55
1.56591E+12,1.56591E+12,0139eba5-5420-e4a4-e821-1c3f611180ff,ASK,187.55,0.959744068,,16/08/2019 00:13:55
1.56591E+12,1.56591E+12,a0fd19ef-c506-61b1-3941-a9d7acf960e8,ASK,187.55,0.554518795,,16/08/2019 00:13:55
1.56591E+12,1.56591E+12,a91f07c9-635f-f4e6-a2e9-7a6bd2685237,ASK,187.55,7.102106105,,16/08/2019 00:13:55
1.56591E+12,1.56591E+12,b3391dde-af35-7de5-89b0-90ed8eaf84f1,BID,187.5,4.314666667,,16/08/2019 00:14:00
1.56591E+12,1.56591E+12,dce026d5-f79c-d354-f2d4-c8f2bce2e143,BID,187.5,0.085333333,,16/08/2019 00:14:00
1.56591E+12,1.56591E+12,b9fbb097-347d-e78e-639d-50e253636c23,BID,187.45,0.533475593,,16/08/2019 00:14:05
1.56591E+12,1.56591E+12,2ae7f6c6-67d4-e10e-adc9-851a668ef2b8,BID,187.45,0.357428648,,16/08/2019 00:14:05
1.56591E+12,1.56591E+12,449b370a-5c44-e388-65af-deda568045f2,BID,187.45,0.016004268,,16/08/2019 00:14:05
1.56591E+12,1.56591E+12,875b1412-11a4-c136-7304-5c0f00039f2b,BID,187.4,0.53361793,,16/08/2019 00:14:07
1.56591E+12,1.56591E+12,39f1e15c-a2f8-e4c0-e040-e8914acaf7c4,BID,187.4,0.261472785,,16/08/2019 00:14:07
1.56591E+12,1.56591E+12,f1849d0b-dfa8-8182-33e4-761d517004bf,BID,187.4,0.314834578,,16/08/2019 00:14:07
1.56591E+12,1.56591E+12,fd7d42a9-e9ab-d2f7-6a91-9c24579cc84f,BID,187.4,0.010672359,,16/08/2019 00:14:07
1.56591E+12,1.56591E+12,4803d0e6-a1df-5f06-36e9-2b8f4be23bec,ASK,187.4,5.085378869,,16/08/2019 00:14:18
1.56591E+12,1.56591E+12,7d79f564-3763-bfbd-8e2c-4a7ca0db6305,ASK,187.4,4.957310566,,16/08/2019 00:14:18
1.56591E+12,1.56591E+12,3c6eb82b-1217-8271-e73f-fbc68628fa0c,ASK,187.4,8.004268943,,16/08/2019 00:14:18
1.56591E+12,1.56591E+12,6d5fc962-31ab-c39b-85ff-b4ca9466b1bb,ASK,187.4,8.004268943,,16/08/2019 00:14:18
1.56591E+12,1.56591E+12,6eccf1fd-8c12-b921-e64b-2174f8a08f44,ASK,187.4,8.004268943,,16/08/2019 00:14:18
1.56591E+12,1.56591E+12,583229d0-b6f7-7d97-b33a-b1e7f98d0ded,ASK,187.4,2.668089648,,16/08/2019 00:14:18
1.56591E+12,1.56591E+12,c577fde7-f04b-24bb-e57b-a1846b6a9a5f,BID,187.4,0.240128068,,16/08/2019 00:14:22
1.56591E+12,1.56591E+12,77a5fb20-6a5c-e1ec-920a-e3ca0253ba6c,BID,187.4,12.07043757,,16/08/2019 00:14:22
1.56591E+12,1.56591E+12,877fbdaa-fcda-da94-c679-ba0d056e4295,BID,187.4,0.266808965,,16/08/2019 00:14:22
1.56591E+12,1.56591E+12,02e1d05f-d7fa-82a0-fc6a-5e2ba59b1904,BID,187.4,0.368196371,,16/08/2019 00:14:22
1.56591E+12,1.56591E+12,38a766ca-9ad6-8bf1-0d5a-2fb401ed88df,ASK,187.4,0.266808965,,16/08/2019 00:14:22
1.56591E+12,1.56591E+12,b80252b4-b151-ab4f-0fee-db421f95c4c8,BID,187.35,0.261542567,,16/08/2019 00:14:32
1.56591E+12,1.56591E+12,12551abe-95aa-ea09-ed23-371cea362788,BID,187.35,0.005337603,,16/08/2019 00:14:32
1.56591E+12,1.56591E+12,fe2ee9d7-7532-5eeb-78cf-59e35bb346d4,BID,187.35,4.846543902,,16/08/2019 00:14:32
1.56591E+12,1.56591E+12,6b27f5f0-b3c4-3b1c-c374-204cf6040d49,BID,187.35,0.362957032,,16/08/2019 00:14:32
1.56591E+12,1.56591E+12,f2f04671-fc78-ebfe-edf8-48fe4ab9545b,BID,187.35,0.085401655,,16/08/2019 00:14:32
1.56591E+12,1.56591E+12,f8e22cfa-21d1-2ecc-a69e-fd2b5031f3cd,ASK,187.35,1.601281025,,16/08/2019 00:14:35
1.56591E+12,1.56591E+12,0b1a7ead-4267-ee4a-c757-7cfd8cf420e2,ASK,187.35,10.67520683,,16/08/2019 00:14:35
1.56591E+12,1.56591E+12,01e03507-1b50-2e42-f6a7-ef08e0d65c3f,BID,187.3,0.261612387,,16/08/2019 00:14:49
1.56591E+12,1.56591E+12,2194c6c1-548b-f3fd-efaa-f945f4ea6252,BID,187.3,0.368392952,,16/08/2019 00:14:49
1.56591E+12,1.56591E+12,3253ab11-28ec-9c9d-59d3-f36eaca2938a,BID,187.3,0.016017085,,16/08/2019 00:14:49
1.56591E+12,1.56591E+12,59525862-374a-4564-ce51-c727c2f82f79,BID,187.25,1.335113485,,16/08/2019 00:14:49
1.56591E+12,1.56591E+12,17dfb73a-8245-6b49-e681-026ef78e3c68,BID,187.25,0.005340454,,16/08/2019 00:14:49
1.56591E+12,1.56591E+12,dd5aaabe-54fa-860e-344b-84c001fd553e,BID,187.25,30.5046729,,16/08/2019 00:14:49
1.56591E+12,1.56591E+12,7128d3ea-e4a3-ee1e-5b9a-1514734b101e,BID,187.25,5.340453939,,16/08/2019 00:14:52
1.56591E+12,1.56591E+12,2b5cf863-03c9-9dfa-40bc-c952358bd091,ASK,187.3,0.266951415,,16/08/2019 00:15:08
1.56591E+12,1.56591E+12,13b64b51-f327-15fd-f21f-78cb9932fb82,ASK,187.3,0.261612387,,16/08/2019 00:15:30
1.56591E+12,1.56591E+12,96aeba5b-c5a0-2d89-834b-33c718974cb1,ASK,187.3,0.213561132,,16/08/2019 00:15:30
1.56591E+12,1.56591E+12,3ddc8ae8-8faa-9d64-2da3-9217e87aa403,ASK,187.3,1.334757074,,16/08/2019 00:15:30
1.56591E+12,1.56591E+12,5c382afe-e906-b829-4bee-d82b55fb2193,ASK,187.35,0.266880171,,16/08/2019 00:15:37
1.56591E+12,1.56591E+12,020a4401-a8f1-e317-3f77-d27c0fc09b5f,ASK,187.35,2.935681879,,16/08/2019 00:15:37
1.56591E+12,1.56591E+12,7e44177e-0b17-21ac-4048-a970541a6aa6,BID,187.3,0.042712226,,16/08/2019 00:15:38
1.56591E+12,1.56591E+12,bf6969ce-2376-0c2c-fb99-5c45e2e0954b,BID,187.3,0.101441538,,16/08/2019 00:15:38
1.56591E+12,1.56591E+12,fc359018-aaf5-4b5b-f34f-9eaf69b14d1b,BID,187.3,0.405766151,,16/08/2019 00:15:38
1.56591E+12,1.56591E+12,67e9a257-8c21-5192-db03-a8c4a71f717b,BID,187.3,0.021356113,,16/08/2019 00:15:38
1.56591E+12,1.56591E+12,aacfdf11-3383-b310-f92a-8093d9a7eb88,ASK,187.35,0.821990926,,16/08/2019 00:15:39
1.56591E+12,1.56591E+12,98b8438f-a95a-2ebe-83bd-ae31d623a6ab,ASK,187.35,0.613824393,,16/08/2019 00:15:58
1.56591E+12,1.56591E+12,bb25c1d1-230c-e2de-4d67-040165595f28,ASK,187.35,5.337603416,,16/08/2019 00:16:14
1.56591E+12,1.56591E+12,61ee8bcf-0516-06cf-0981-89bedccef9aa,BID,187.3,0.261612387,,16/08/2019 00:16:23
1.56591E+12,1.56591E+12,30f09c9b-d067-6ef3-f892-e50f03da3fde,BID,187.3,0.005339028,,16/08/2019 00:16:23
1.56591E+12,1.56591E+12,4d1bcea0-f1d1-dc51-cf88-f2ad59946fa6,BID,187.3,15.75013348,,16/08/2019 00:16:23
1.56591E+12,1.56591E+12,f4f43d80-c784-d707-772b-866fa8436222,BID,187.3,1.628403631,,16/08/2019 00:17:08
1.56591E+12,1.56591E+12,be0b496e-98b2-9852-b962-8e9edda0d516,ASK,187.35,0.101414465,,16/08/2019 00:17:25
1.56591E+12,1.56591E+12,2dcece86-3ee8-5f37-00c0-0272c93f0e02,ASK,187.35,26.68801708,,16/08/2019 00:17:25
1.56591E+12,1.56591E+12,8c190ef8-4555-e69e-948a-4318abdd1efd,ASK,187.35,0.314918602,,16/08/2019 00:17:25
1.56591E+12,1.56591E+12,7f2dfdbe-922e-8d34-1f86-92497a70876a,ASK,187.35,5.337603416,,16/08/2019 00:17:26
1.56591E+12,1.56591E+12,bcb091d2-25cc-805c-1a1a-4867327cb610,ASK,187.4,5.336179296,,16/08/2019 00:17:26
1.56591E+12,1.56591E+12,b41ad2e1-c4ac-c500-959c-30a003dc1fb4,ASK,187.45,0.021339024,,16/08/2019 00:17:28
1.56591E+12,1.56591E+12,f1bd13ab-bd7d-6640-3b2d-572af9660372,ASK,187.45,2.998132835,,16/08/2019 00:17:28
1.56591E+12,1.56591E+12,3c501d8b-0897-359f-8978-366b4b4af5b2,ASK,187.45,0.576153641,,16/08/2019 00:17:28
1.56591E+12,1.56591E+12,8bdaf772-d761-427c-3699-ec57bfbfe415,ASK,187.45,16.0042678,,16/08/2019 00:17:28
1.56591E+12,1.56591E+12,422bdeca-0ba7-609f-5141-d0d031bd37ff,ASK,187.45,0.730861563,,16/08/2019 00:17:29
1.56591E+12,1.56591E+12,4ad4f9a1-33be-ce9b-3e9c-dc229dfb2064,ASK,187.5,0.266666667,,16/08/2019 00:17:31
1.56591E+12,1.56591E+12,f9b9ca24-eb78-55ef-843e-9d0e76c267d5,ASK,187.5,5.333333333,,16/08/2019 00:17:31
1.56591E+12,1.56591E+12,891f90a8-9053-9644-a985-9ce0c311ac06,ASK,187.55,0.458544388,,16/08/2019 00:17:38
1.56591E+12,1.56591E+12,a60340fb-c18c-0311-50c3-f637a80f7f5d,ASK,187.55,0.730471874,,16/08/2019 00:17:38
1.56591E+12,1.56591E+12,250aa8e8-dd4d-a521-d9c5-eb1f323f5e5a,ASK,187.55,12.14076246,,16/08/2019 00:17:38
1.56591E+12,1.56591E+12,f77c68ec-8bc9-cbfa-c21f-9e92fb2f4790,ASK,187.55,2.665955745,,16/08/2019 00:17:40
1.56591E+12,1.56591E+12,ef32f194-0951-fcd4-cdd6-606f51448526,ASK,187.55,2.132764596,,16/08/2019 00:17:55
1.56591E+12,1.56591E+12,d40ef046-e29d-e545-b226-f1a2fdee468c,ASK,187.55,5.33191149,,16/08/2019 00:18:14
1.56591E+12,1.56591E+12,18c01d85-21d7-ea67-1275-118ab6bc976b,ASK,187.55,0.533191149,,16/08/2019 00:18:21
1.56591E+12,1.56591E+12,1dee7e40-409d-2e89-66e5-3f4810bf395f,ASK,187.55,0.101306318,,16/08/2019 00:18:28
1.56591E+12,1.56591E+12,f11a805c-b272-2a0e-068b-68a36035a58d,BID,187.5,0.085333333,,16/08/2019 00:18:46
1.56591E+12,1.56591E+12,2f14da44-5937-512d-5ba7-104da33d20b5,BID,187.5,3.114666667,,16/08/2019 00:18:46
1.56591E+12,1.56591E+12,1800681b-8cab-b0d1-c6e3-a510fd80f619,BID,187.5,0.613333333,,16/08/2019 00:18:49
1.56591E+12,1.56591E+12,3b38f793-75da-ae12-0152-d6dc50224ffe,BID,187.5,1.605333333,,16/08/2019 00:18:52
1.56591E+12,1.56591E+12,86aff93a-4c87-96cf-f53f-caa5b91ff314,BID,187.5,0.085333333,,16/08/2019 00:18:52
1.56591E+12,1.56591E+12,604fc46d-e129-63a4-1db2-865a90a2b1dd,BID,187.4,3.201707577,,16/08/2019 00:19:01
1.56591E+12,1.56591E+12,d6f9b575-19b3-af65-6e12-2d679107d1da,BID,187.4,6.424759872,,16/08/2019 00:19:18
1.56591E+12,1.56591E+12,56a5f8a0-da49-8e8a-89dd-0b0f18c5aca9,BID,187.4,0.725720384,,16/08/2019 00:19:32
1.56591E+12,1.56591E+12,58640860-a2a1-fe42-2fea-5a901435b4fa,BID,187.4,20.6189968,,16/08/2019 00:19:32
1.56591E+12,1.56591E+12,031ef2d1-a84e-3c8f-be8c-0af6fa04e6da,BID,187.4,3.201707577,,16/08/2019 00:19:33
1.56591E+12,1.56591E+12,1fe2c008-4a35-8dc7-3b21-c42d1393f575,ASK,187.4,0.53361793,,16/08/2019 00:19:52
1.56591E+12,1.56591E+12,dff6a555-0e54-284e-2e5c-b8be76798ee5,ASK,187.4,0.53361793,,16/08/2019 00:19:58
1.56591E+12,1.56591E+12,c493cde6-02f4-a662-35f5-485894612eed,ASK,187.4,2.187833511,,16/08/2019 00:20:31
1.56591E+12,1.56591E+12,7c198010-77f8-a4fc-2f36-92e8ee0c6512,BID,187.35,0.010675207,,16/08/2019 00:20:34
1.56591E+12,1.56591E+12,422d9fde-2d34-97c9-7ea8-831cb42973d3,BID,187.35,0.939418201,,16/08/2019 00:20:34
1.56591E+12,1.56591E+12,411acf1a-4c40-99e8-f6e6-e0858882156c,BID,187.35,0.021350414,,16/08/2019 00:20:38
1.56591E+12,1.56591E+12,efb7ff2c-a2f0-11ef-24b1-5ab75775c55a,BID,187.35,0.042700827,,16/08/2019 00:20:38
1.56591E+12,1.56591E+12,92a6d7e3-b230-9582-6011-a3df60bb84b3,BID,187.35,0.101414465,,16/08/2019 00:20:38
1.56591E+12,1.56591E+12,32d7b5fc-d4ed-49b4-5a85-7e9072896189,BID,187.35,0.40565786,,16/08/2019 00:20:38
1.56591E+12,1.56591E+12,17fe934c-dbda-2f49-398c-799feca3e9a1,BID,187.35,3.20256205,,16/08/2019 00:20:52
1.56591E+12,1.56591E+12,70f9e3bd-92c9-5ea3-222e-ab4cfded4bfe,BID,187.35,0.106752068,,16/08/2019 00:20:59
1.56591E+12,1.56591E+12,95eb6cf6-6397-082b-a4a1-4ab1d484a06f,BID,187.35,6.575927409,,16/08/2019 00:21:19
1.56591E+12,1.56591E+12,a5a6a22c-0b56-6aad-3513-a7d932965197,BID,187.35,137.5393648,,16/08/2019 00:21:19
1.56591E+12,1.56591E+12,1b40ef7c-9f79-54c6-4b8d-edded7ca152f,ASK,187.4,2.187833511,,16/08/2019 00:21:27
1.56591E+12,1.56591E+12,d7a85ff9-00cb-51e0-5f9e-e41d71af0e01,BID,187.35,0.533760342,,16/08/2019 00:21:39
1.56591E+12,1.56591E+12,ad885dc4-ad26-571c-9a89-74febf2690ad,ASK,187.4,0.362860192,,16/08/2019 00:21:57
1.56591E+12,1.56591E+12,0f8940f9-6bf8-408c-1409-da127b9288aa,ASK,187.4,0.069370331,,16/08/2019 00:22:26
1.56591E+12,1.56591E+12,ee6a6a7c-9ba6-ac07-ce8f-bb2b22720724,ASK,187.4,0.037353255,,16/08/2019 00:22:26
1.56591E+12,1.56591E+12,af3f9d66-5ac7-5bf5-9df9-350cd025255c,ASK,187.4,0.266808965,,16/08/2019 00:22:42
1.56591E+12,1.56591E+12,9cef4322-cfa2-baf9-7fbc-9d2067ce443d,ASK,187.4,0.016008538,,16/08/2019 00:22:44
1.56591E+12,1.56591E+12,f5dd4a73-4093-e90b-f6c0-9a3351b9e2d0,ASK,187.4,0.096051227,,16/08/2019 00:22:44
1.56591E+12,1.56591E+12,4f44cde9-9625-e9aa-a3d5-74ad425ffdc4,ASK,187.4,0.005336179,,16/08/2019 00:22:44
1.56591E+12,1.56591E+12,4d0b9d7d-3ab0-8444-3af1-00a1866ea62f,ASK,187.4,1.483457844,,16/08/2019 00:22:44
1.56591E+12,1.56591E+12,66161708-6afc-2681-46e3-265d336f70dd,ASK,187.4,2.88153682,,16/08/2019 00:22:51
1.56591E+12,1.56591E+12,5cf07b07-4a63-5dbe-2485-5d68858e8789,ASK,187.4,0.928495197,,16/08/2019 00:22:51
1.56591E+12,1.56591E+12,210c3e93-75f7-0292-e455-e1553773a61b,ASK,187.4,0.005336179,,16/08/2019 00:22:51
1.56591E+12,1.56591E+12,c72288e7-d567-6086-1dba-fb9f9433c019,ASK,187.4,0.309498399,,16/08/2019 00:22:51
1.56591E+12,1.56591E+12,5ec9ffe9-8aaf-1d78-6ece-e41796c64650,ASK,187.4,8.681963714,,16/08/2019 00:22:51
1.56591E+12,1.56591E+12,88344d2d-a59b-ac58-fdcf-1a38cf57afd4,ASK,187.4,1.334044824,,16/08/2019 00:22:57
1.56591E+12,1.56591E+12,5f51135f-7ea6-15cf-b991-3ef58a4d3eeb,ASK,187.4,1.067235859,,16/08/2019 00:22:57
1.56591E+12,1.56591E+12,7221f3ae-29b2-1583-ffeb-4df69eaa869f,ASK,187.4,2.203842049,,16/08/2019 00:23:09
1.56591E+12,1.56591E+12,31c6e658-2c84-5330-2f8c-31b4fdcc5b93,ASK,187.4,0.22945571,,16/08/2019 00:23:09
1.56591E+12,1.56591E+12,9063f805-4db5-d845-68d1-f6284b124c54,ASK,187.4,2.844183565,,16/08/2019 00:23:09
1.56591E+12,1.56591E+12,2ce23671-b5c4-091e-ae34-8ea167402f34,ASK,187.4,32.82817503,,16/08/2019 00:23:12
1.56591E+12,1.56591E+12,2096b617-3bee-9134-abbd-d92cde48a892,ASK,187.5,0.261333333,,16/08/2019 00:23:13
1.56591E+12,1.56591E+12,78ad34c0-8319-0e68-95fa-2afa9113ec75,ASK,187.5,0.010666667,,16/08/2019 00:23:13
1.56592E+12,1.56592E+12,11e70d69-8cf8-b5e4-3633-7fd924091a26,ASK,187.5,0.789333333,,16/08/2019 00:23:28
1.56592E+12,1.56592E+12,51c15bbb-d291-d11d-b832-69348d51e39f,ASK,187.5,1.333333333,,16/08/2019 00:23:28
1.56592E+12,1.56592E+12,fe17ab61-c609-5499-7738-8c5adf31ea39,ASK,187.5,0.010666667,,16/08/2019 00:23:28
1.56592E+12,1.56592E+12,329f0e94-5279-69ba-5981-95d822e3440e,ASK,187.5,0.288,,16/08/2019 00:23:28
